%% Obtained via the getNewBibTeX script and the SPIRES biblio service

%%%%%%%%%% 
%% Methods
@article{metropolis,
	author = {N. Metropolis and A. W. Rosenbluth and M. N. Rosenbluth and A. H. Teller and E. Teller},
	title = {Equation of State Calculations by Fast Computing Machines},
	journal = {Journal of Chemical Physics},
	volume = {21},
	number = {6},
	year = {1970}
}

@article{hastings,
	author = {W. K. Hastings},
	title = {Monte Carlo Sampling Methods Using Markov Chains and Their Applications},
	journal = {Biometrika},
	volume = {57},
	number = {1},
	year = {1970}
}

@book{mcmc_handbook,
	author = {S. Brooks and A. Gelman and G. L. Jones and X.-L. Meng},
	title = {Handbook of Markov Chain Monte Carlo},
	publisher = {CRC Press},
	year = {2011}
}

@article{step_prop,
	author = {G. O. Roberts and A. Gelman and W. R. Gilks},
	title = {Weak convergence and optimal scaling of random walk Metropolis algorithms},
	journal = {The Annals of Applied Probability},
	volume = {7},
	number = {1},
	eprint = {{{http://faculty.wcas.northwestern.edu/~lchrist/course/Gerzensee_2011/The%20Annals%20of%20Applied%20Probability%201997%20Roberts.pdf}}},
	year = {1997}
}

@book{mcmc_practice,
	author = {W. R. Gilks and S. Richardson and D. J. Spiegelhalter},
	title = {Markov Chain Monte Carlo in Practice},
	publisher = {Chapman \& Hall/CRC Interdisciplinary Statistics},
	year = {1995}
}

@article{gelman_rubin,
	author = {A. Gelman and D. B. Rubin},
	doi = {10.1214/ss/1177011136},
	fjournal = {Statistical Science},
	journal = {Statist. Sci.},
	month = {11},
	number = {4},
	pages = {457--472},
	publisher = {The Institute of Mathematical Statistics},
	title = {Inference from Iterative Simulation Using Multiple Sequences},
	eprint = {https://doi.org/10.1214/ss/1177011136},
	volume = {7},
	year = {1992}
}

@book{bayesian_tutorial,
	author = {D.S. Sivia and J. Skilling},
	title = {Data Analysis: A Bayesian Tutorial},
	publisher = {Oxford Science Publications},
	year = {2006}
}

@article{posterior_predictive_checks,
	author = {A. Gelman and X.-L. Meng and Hal Stern},
	title = {Posterior Predictive Assessment of Model Fitness via Realized Discrepancies},
	journal = {Statistica Sinica},
	volume = {6},
	year = {1996}
}

@article{posterior_predictive_checks2,
	author = {X.-L. Meng},
	title = {Posterior Predictive p-values},
	journal = {The Annals of Statistics},
	volume = {22},
	number = {3},
	year = {1994}
}

@article{posterior_predictive_checks3,
	author = {A. Gelman and Yuri Goegebeur and Francis Tuerlinckx and Iven Van Mechelen},
	title = {Diagnostic checks for discrete data regression models using posterior predictive simulations},
	journal = {Appl. Statist.},
	volume = {49},
	number = {2},
	year = {2000}
}

@article{prior_predictive_checks,
	author = {G. E. P. Box},
	title = {Sampling and Bayes' Inference in Scientific Modelling and Robustness},
	journal = {J. R. Statist. Soc.},
	volume = {A},
	number = {143},
	year = {1980}
}

@article{minuit,
	author = {F. James},
	title = {MINUIT Function Minimization and Error Analysis},
	journal = {Reference Manual, Version 94.1, CERN Program Library Long Writeup D506},
	volume = {D},
	number = {506},
	eprint = {https://root.cern.ch/sites/d35c7d8c.web.cern.ch/files/minuit.pdf},
	year = {1994}
}

%%%%%%%%%%%%%%%%%%%%%%%
%% Oscillations
@article{pdg_2010,
	author = {Particle Data Group},
	title = {Review of Particle Physics},
	journal = {Journal of Physics},
	volume = {G},
	number = {37},
	year = {2010}
}

@article{pdg_2017,
	author = {C. Patrignani and others},
	collaboration = {Particle Data Group},
	title = {2017 Review of Particle Physics},
	journal = {Chin. Phys.},
	volume = {C},
	number = {40},
	year = {2016}
}

@article{t2k_2015,
	title = {Measurement of neutrino and antineutrino oscillations by the T2K experiment including a new additional sample of $\nu_{e}$ interactions at the far detector},
	author = {K. Abe and others},
	collaboration = {The T2K Collaboration},
	journal = {Phys. Rev.},
	volume = {D},
	number = {96},
	issue = {9},
	year = {2017}
}

@unpublished{t2k_2017,
	title = {T2K Neutrino Oscillation Results with Data up to 2017 Summer},
	author = {Mark Hartz and others},
	collaboration = {The T2K Collaboration},
	note = {KEK Seminar, Summer},
	eprint = {https://www.t2k.org/docs/talk/282},
	year = {2017}
}

@unpublished{nova_2018,
	title = {Latest Oscillation Results from NOvA},
	author = {Alexander Radovic and others},
	collaboration = {The NO$\nu$A Collaboration},
	note = {Fermilab JETP seminar},
	eprint = {http://nova-docdb.fnal.gov/cgi-bin/RetrieveFile?docid=25938&filename=radovicJETPFinalPublic.pdf&version=3},
	year = {2018}
}

@unpublished{t2k_nova,
	title = {T2K and NOvA collaborations to produce joint neutrino oscillation analysis},
	author = {{The T2K and NO$\nu$A Collaborations}},
	note = {T2K and NO$\nu$A news},
	eprint = {http://t2k-experiment.org/2018/01/t2k-nova-announce/},
	year = {2018}
}

@unpublished{t2k_nova_meet,
	title = {NOvA-T2K Joint Workshop on Neutrino Interaction Uncertainties in Oscillation Measurements},
	author = {{The T2K and NO$\nu$A Collaborations}},
	note = {T2K and NO$\nu$A news},
	eprint = {https://kds.kek.jp/indico/event/25577/},
	year = {2017}
}

@unpublished{t2k_neutrino2018,
	title = {T2K Status, Results, and Plans},
	author = {Morgan Wascko},
        collaboration = {T2K Collaboration},
	note = {Neutrino 2018},
	eprint = {{{https://www.t2k.org/docs/talk/301/wascko_20180604-pdf}}},
	year = {2018}
}

@unpublished{nova_neutrino2018,
	title = {NO$\nu$A Results and Prospects},
	author = {Mayly Sanchez},
    collaboration = {NO$\nu$A Collaboration},
	note = {Neutrino 2018},
	eprint = {http://mcloud.mpi-hd.mpg.de/index.php/s/eCxSzq7LbMp4nCQ/download},
	year = {2018}
}

@article{daya_bay,
	title = {Measurement of electron antineutrino oscillation based on 1230 days of operation of the Daya Bay experiment},
	author = {F. P An and others},
	collaboration = {Daya Bay Collaboration},
	journal = {Phys. Rev. D},
	volume = {95},
	issue = {7},
	pages = {072006},
	numpages = {46},
	year = {2017},
	month = {Apr},
	publisher = {American Physical Society},
	doi = {10.1103/PhysRevD.95.072006},
	eprint = {https://link.aps.org/doi/10.1103/PhysRevD.95.072006}
}

@article{reno,
	title = {Observation of Energy and Baseline Dependent Reactor Antineutrino Disappearance in the RENO Experiment},
	author = {J. H. Choi and others},
	collaboration = {RENO Collaboration},
	journal = {Phys. Rev. Lett.},
	volume = {116},
	issue = {21},
	pages = {211801},
	numpages = {6},
	year = {2016},
	month = {May},
	publisher = {American Physical Society},
	doi = {10.1103/PhysRevLett.116.211801},
	eprint = {https://link.aps.org/doi/10.1103/PhysRevLett.116.211801}
}

@article{icecube,
	title = {Measurement of Atmospheric Neutrino Oscillations at 6--56 GeV with IceCube DeepCore},
	author = {M.G. Aartsen and others},
	collaboration = {IceCube Collaboration},
	journal = {Phys. Rev. Lett.},
	volume = {120},
	issue = {7},
	pages = {071801},
	numpages = {8},
	year = {2018},
	month = {Feb},
	publisher = {American Physical Society},
	doi = {10.1103/PhysRevLett.120.071801},
	eprint = {https://link.aps.org/doi/10.1103/PhysRevLett.120.071801}
}

@article{superk,
	title = {Atmospheric neutrino oscillation analysis with external constraints in Super-Kamiokande I-IV},
	author = {K. Abe and others},
	collaboration = {Super-Kamiokande Collaboration},
	journal = {Phys. Rev. D},
	volume = {97},
	issue = {7},
	pages = {072001},
	numpages = {23},
	year = {2018},
	month = {Apr},
	publisher = {American Physical Society},
	doi = {10.1103/PhysRevD.97.072001},
	eprint = {https://link.aps.org/doi/10.1103/PhysRevD.97.072001}
}

%%%%%%%%%%%%%%%%%
%% FUTURE

@article{hyperk,
	title = {Hyper-Kamiokande Design Report},
	author = {Abe, K. and others},
	collaboration = {Hyper-Kamiokande Proto-Collaboration},
	journal = {arXiv},
	year = {2018},
	eprint = {https://arxiv.org/abs/1805.04163}
}

@article{dune,
	title = {Long-Baseline Neutrino Facility (LBNF) and Deep Underground Neutrino Experiment (DUNE) Conceptual Design Report Volume 1: The LBNF and DUNE Projects},
	author = {R. Acciarri and others},
	collaboration = {DUNE Collaboration},
	journal = {arXiv},
	year = {2016},
	eprint = {https://arxiv.org/abs/1601.05471}
}


%%%%%%%%%%%%%%%
%% T2K detector

@article{t2k_loi,
	title = {Letter of Intent: Neutrino Oscillation Experiment at JHF},
	author = {{The T2K Collaboration}},
	journal = {KEK Proposal},
	eprint = {http://neutrino.kek.jp/jhfnu/loi/loi.v2.030528.pdf},
	year = {2001}
}

@article{t2k_prop,
	title = {Tokai-to-Kamioka (T2K) Long Baseline Neutrino Oscillation Experiment Proposal},
	author = {{The T2K Collaboration}},
	journal = {KEK Proposal},
	eprint = {{{http://j-parc.jp/researcher/Hadron/en/pac_0606/pdf/p11-Nishikawa.pdf}}},
	year = {2006}
}

@article{t2k_det,
	title = "The T2K experiment",
	journal = "Nuclear Instruments and Methods in Physics Research Section A: Accelerators, Spectrometers, Detectors and Associated Equipment",
	volume = "659",
	number = "1",
	pages = "106 - 135",
	year = "2011",
	issn = "0168-9002",
	doi = "https://doi.org/10.1016/j.nima.2011.06.067",
	eprint = "http://www.sciencedirect.com/science/article/pii/S0168900211011910",
	author = "K. Abe and others",
	collaboration = "The T2K Collaboration",
	keywords = "Neutrinos, Neutrino oscillation, Long baseline, T2K, J-PARC, Super-Kamiokande"
}

@article{t2k_tpc,
	title = "Time projection chambers for the T2K near detectors",
	journal = "Nuclear Instruments and Methods in Physics Research Section A: Accelerators, Spectrometers, Detectors and Associated Equipment",
	volume = "637",
	number = "1",
	pages = "25 - 46",
	year = "2011",
	issn = "0168-9002",
	doi = "https://doi.org/10.1016/j.nima.2011.02.036",
	eprint = "http://www.sciencedirect.com/science/article/pii/S0168900211003421",
	author = "N. Abgrall and B. Andrieu and P. Baron and P. Bene and V. Berardi and J. Beucher and P. Birney and F. Blaszczyk and A. Blondel and C. Bojechko and M. Boyer and F. Cadoux and D. Calvet and M.G. Catanesi and A. Cervera and P. Colas and X. De La Broise and E. Delagnes and A. Delbart and M. Di Marco and F. Druillole and J. Dumarchez and S. Emery and L. Escudero and W. Faszer and D. Ferrere and A. Ferrero and K. Fransham and A. Gaudin and C. Giganti and I. Giomataris and J. Giraud and M. Goyette and K. Hamano and C. Hearty and R. Henderson and S. Herlant and M. Ieva and B. Jamieson and G. Jover-Mañas and D. Karlen and I. Kato and A. Konaka and K. Laihem and R. Langstaff and M. Laveder and A. Le Coguie and O. Le Dortz and M. Le Ross and M. Lenckowski and T. Lux and M. Macaire and K. Mahn and F. Masciocchi and E. Mazzucato and M. Mezzetto and A. Miller and J.-Ph. Mols and L. Monfregola and E. Monmarthe and J. Myslik and F. Nizery and R. Openshaw and E. Perrin and F. Pierre and D. Pierrepont and P. Poffenberger and B. Popov and E. Radicioni and M. Ravonel and J.-M. Reymond and J.-L. Ritou and M. Roney and S. Roth and F. Sánchez and A. Sarrat and R. Schroeter and A. Stahl and P. Stamoulis and J. Steinmann and D. Terhorst and D. Terront and V. Tvaskis and M. Usseglio and A. Vallereau and G. Vasseur and J. Wendland and G. Wikström and M. Zito",
	keywords = "Time projection chamber, Drift chamber, Gas system, Micromegas, Neutrino oscillation"
}

@article{t2k_fgd,
	title = "The T2K fine-grained detectors",
	journal = "Nuclear Instruments and Methods in Physics Research Section A: Accelerators, Spectrometers, Detectors and Associated Equipment",
	volume = "696",
	pages = "1 - 31",
	year = "2012",
	issn = "0168-9002",
	doi = "https://doi.org/10.1016/j.nima.2012.08.020",
	eprint = "http://www.sciencedirect.com/science/article/pii/S0168900212008789",
	author = "P.-A. Amaudruz and M. Barbi and D. Bishop and N. Braam and D.G. Brook-Roberge and S. Giffin and S. Gomi and P. Gumplinger and K. Hamano and N.C. Hastings and S. Hastings and R.L. Helmer and R. Henderson and K. Ieki and B. Jamieson and I. Kato and N. Khan and J. Kim and B. Kirby and P. Kitching and A. Konaka and M. Lenckowski and C. Licciardi and T. Lindner and K. Mahn and E.L. Mathie and C. Metelko and C.A. Miller and A. Minamino and K. Mizouchi and T. Nakaya and K. Nitta and C. Ohlmann and K. Olchanski and S.M. Oser and M. Otani and P. Poffenberger and R. Poutissou and J.-M. Poutissou and W. Qian and F. Retiere and R. Tacik and H.A. Tanaka and P. Vincent and M. Wilking and S. Yen and M. Yokoyama",
	keywords = "Scintillation tracking detector, Wavelength shifting fiber, Multi-Pixel Photon Counter, Readout electronics, Calibration, Neutrino oscillation, T2K"
}

@article{t2k_smrd,
	title = "The T2K Side Muon Range Detector (SMRD)",
	journal = "Nuclear Instruments and Methods in Physics Research Section A: Accelerators, Spectrometers, Detectors and Associated Equipment",
	volume = "698",
	pages = "135 - 146",
	year = "2013",
	issn = "0168-9002",
	doi = "https://doi.org/10.1016/j.nima.2012.10.001",
	eprint = "http://www.sciencedirect.com/science/article/pii/S0168900212011242",
	author = "S. Aoki and G. Barr and M. Batkiewicz and J. Błocki and J.D. Brinson and W. Coleman and A. Dąbrowska and I. Danko and M. Dziewiecki and B. Ellison and L. Golyshkin and R. Gould and T. Hara and J. Haremza and B. Hartfiel and J. Holeczek and A. Izmaylov and M. Khabibullin and A. Khotjantsev and D. Kiełczewska and A. Kilinski and J. Kisiel and Y. Kudenko and N. Kulkarni and R. Kurjata and T. Kutter and J. Łagoda and J. Liu and J. Marzec and W. Metcalf and C. Metelko and P. Mijakowski and O. Mineev and D. Naples and M. Nauman and T.C. Nicholls and D. Northacker and J. Nowak and M. Noy and V. Paolone and G.F. Pearce and O. Perevozchikov and M. Posiadała and P. Przewłocki and W. Qian and M. Raymond and J. Reid and E. Rondio and E. Shabalin and M. Siyad and D. Smith and J. Sobczyk and M. Stodulski and R. Sulej and J. Świerblewski and A.T. Suzuki and T. Szegłowski and M. Szeptycka and M. Thorpe and T. Wąchała and D. Warner and A. Weber and T. Yano and N. Yershov and A. Zalewska and K. Zaremba and M. Ziembicki",
	keywords = "Neutrinos, Neutrino oscillation, T2K, Muon range detector, Scintillation counter, Wavelength shifting fiber, Multi-pixel photon counter, Readout electronics"
}

@article{t2k_p0d,
	title = "The T2K ND280 off-axis pi–zero detector",
	journal = "Nuclear Instruments and Methods in Physics Research Section A: Accelerators, Spectrometers, Detectors and Associated Equipment",
	volume = "686",
	pages = "48 - 63",
	year = "2012",
	issn = "0168-9002",
	doi = "https://doi.org/10.1016/j.nima.2012.05.028",
	eprint = "http://www.sciencedirect.com/science/article/pii/S0168900212005153",
	author = "S. Assylbekov and G. Barr and B.E. Berger and H. Berns and D. Beznosko and A. Bodek and R. Bradford and N. Buchanan and H. Budd and Y. Caffari and K. Connolly and I. Danko and R. Das and S. Davis and M. Day and S. Dytman and M. Dziomba and R. Flight and D. Forbush and K. Gilje and D. Hansen and J. Hignight and J. Imber and R.A. Johnson and C.K. Jung and V. Kravtsov and P.T. Le and G.D. Lopez and C.J. Malafis and S. Manly and A.D. Marino and K.S. McFarland and C. McGrew and C. Metelko and G. Nagashima and D. Naples and T.C. Nicholls and B. Nielsen and V. Paolone and P. Paul and G.F. Pearce and W. Qian and K. Ramos and E. Reinherz-Aronis and P.A. Rodrigues and D. Ruterbories and J. Schmidt and J. Schwehr and M. Siyad and J. Steffens and A.S. Tadepalli and I.J. Taylor and M. Thorpe and W. Toki and C. Vanek and D. Warner and A. Weber and R.J. Wilkes and R.J. Wilson and C. Yanagisawa and T. Yuan",
	keywords = "Neutrinos, Neutrino oscillation, Long baseline, T2K, J-PARC, Pi–zero detector"
}

@article{t2k_ingrid,
	title = "Measurements of the T2K neutrino beam properties using the INGRID on-axis near detector",
	journal = "Nuclear Instruments and Methods in Physics Research Section A: Accelerators, Spectrometers, Detectors and Associated Equipment",
	volume = "694",
	pages = "211 - 223",
	year = "2012",
	issn = "0168-9002",
	doi = "https://doi.org/10.1016/j.nima.2012.03.023",
	eprint = "http://www.sciencedirect.com/science/article/pii/S0168900212002987",
	author = "K. Abe and N. Abgrall and Y. Ajima and H. Aihara and J.B. Albert and C. Andreopoulos and B. Andrieu and M.D. Anerella and S. Aoki and O. Araoka and J. Argyriades and A. Ariga and T. Ariga and S. Assylbekov and D. Autiero and A. Badertscher and M. Barbi and G.J. Barker and G. Barr and M. Bass and M. Batkiewicz and F. Bay and S. Bentham and V. Berardi and B.E. Berger and I. Bertram and M. Besnier and J. Beucher and D. Beznosko and S. Bhadra and F.d.M. Blaszczyk and J. Blocki and A. Blondel and C. Bojechko and J. Bouchez and S.B. Boyd and A. Bravar and C. Bronner and D.G. Brook-Roberge and N. Buchanan and H. Budd and D. Calvet and S.L. Cartwright and A. Carver and R. Castillo and M.G. Catanesi and A. Cazes and A. Cervera and C. Chavez and S. Choi and G. Christodoulou and J. Coleman and G. Collazuol and W. Coleman and K. Connolly and A. Curioni and A. Dabrowska and I. Danko and R. Das and G.S. Davies and S. Davis and M. Day and G. De Rosa and J.P.A.M. de André and P. de Perio and T. Dealtry and A. Delbart and C. Densham and F. Di Lodovico and S. Di Luise and P. Dinh Tran and J. Dobson and U. Dore and O. Drapier and F. Dufour and J. Dumarchez and S. Dytman and M. Dziewiecki and M. Dziomba and S. Emery and A. Ereditato and J.E. Escallier and L. Escudero and L.S. Esposito and M. Fechner and A. Ferrero and A.J. Finch and E. Frank and Y. Fujii and Y. Fukuda and V. Galymov and G.L. Ganetis and F.C. Gannaway and A. Gaudin and A. Gendotti and M. George and S. Giffin and C. Giganti and K. Gilje and A.K. Ghosh and T. Golan and M. Goldhaber and J.J. Gomez-Cadenas and S. Gomi and M. Gonin and N. Grant and A. Grant and P. Gumplinger and P. Guzowski and A. Haesler and M.D. Haigh and K. Hamano and C. Hansen and D. Hansen and T. Hara and P.F. Harrison and B. Hartfiel and M. Hartz and T. Haruyama and T. Hasegawa and N.C. Hastings and A. Hatzikoutelis and K. Hayashi and Y. Hayato and C. Hearty and R.L. Helmer and R. Henderson and N. Higashi and J. Hignight and A. Hillairet and E. Hirose and J. Holeczek and S. Horikawa and A. Hyndman and A.K. Ichikawa and K. Ieki and M. Ieva and M. Iida and M. Ikeda and J. Ilic and J. Imber and T. Ishida and C. Ishihara and T. Ishii and S.J. Ives and M. Iwasaki and K. Iyogi and A. Izmaylov and B. Jamieson and R.A. Johnson and K.K. Joo and G.V. Jover-Manas and C.K. Jung and H. Kaji and T. Kajita and H. Kakuno and J. Kameda and K. Kaneyuki and D. Karlen and K. Kasami and I. Kato and H. Kawamuko and E. Kearns and M. Khabibullin and F. Khanam and A. Khotjantsev and D. Kielczewska and T. Kikawa and J. Kim and J.Y. Kim and S.B. Kim and N. Kimura and B. Kirby and J. Kisiel and P. Kitching and T. Kobayashi and G. Kogan and S. Koike and A. Konaka and L.L. Kormos and A. Korzenev and K. Koseki and Y. Koshio and Y. Kouzuma and K. Kowalik and V. Kravtsov and I. Kreslo and W. Kropp and H. Kubo and J. Kubota and Y. Kudenko and N. Kulkarni and Y. Kurimoto and R. Kurjata and T. Kutter and J. Lagoda and K. Laihem and M. Laveder and K.P. Lee and P.T. Le and J.M. Levy and C. Licciardi and I.T. Lim and T. Lindner and R.P. Litchfield and M. Litos and A. Longhin and G.D. Lopez and P.F. Loverre and L. Ludovici and T. Lux and M. Macaire and K. Mahn and Y. Makida and M. Malek and S. Manly and A. Marchionni and A.D. Marino and A.J. Marone and J. Marteau and J.F. Martin and T. Maruyama and T. Maryon and J. Marzec and P. Masliah and E.L. Mathie and C. Matsumura and K. Matsuoka and V. Matveev and K. Mavrokoridis and E. Mazzucato and N. McCauley and K.S. McFarland and C. McGrew and T. McLachlan and M. Messina and W. Metcalf and C. Metelko and M. Mezzetto and P. Mijakowski and C.A. Miller and A. Minamino and O. Mineev and S. Mine and A.D. Missert and G. Mituka and M. Miura and K. Mizouchi and L. Monfregola and F. Moreau and B. Morgan and S. Moriyama and A. Muir and A. Murakami and J.F. Muratore and M. Murdoch and S. Murphy and J. Myslik and N. Nagai and T. Nakadaira and M. Nakahata and T. Nakai and K. Nakajima and T. Nakamoto and K. Nakamura and S. Nakayama and T. Nakaya and D. Naples and M.L. Navin and B. Nelson and T.C. Nicholls and C. Nielsen and K. Nishikawa and H. Nishino and K. Nitta and T. Nobuhara and J.A. Nowak and Y. Obayashi and T. Ogitsu and H. Ohhata and T. Okamura and K. Okumura and T. Okusawa and S.M. Oser and M. Otani and R.A. Owen and Y. Oyama and T. Ozaki and M.Y. Pac and V. Palladino and V. Paolone and P. Paul and D. Payne and G.F. Pearce and J.D. Perkin and V. Pettinacci and F. Pierre and E. Poplawska and B. Popov and M. Posiadala and J.-M. Poutissou and R. Poutissou and P. Przewlocki and W. Qian and J.L. Raaf and E. Radicioni and P.N. Ratoff and T.M. Raufer and M. Ravonel and M. Raymond and F. Retiere and A. Robert and P.A. Rodrigues and E. Rondio and J.M. Roney and B. Rossi and S. Roth and A. Rubbia and D. Ruterbories and S. Sabouri and R. Sacco and K. Sakashita and F. Sánchez and A. Sarrat and K. Sasaki and K. Scholberg and J. Schwehr and M. Scott and D.I. Scully and Y. Seiya and T. Sekiguchi and H. Sekiya and M. Shibata and Y. Shimizu and M. Shiozawa and S. Short and M. Siyad and R.J. Smith and M. Smy and J.T. Sobczyk and H. Sobel and M. Sorel and A. Stahl and P. Stamoulis and J. Steinmann and B. Still and J. Stone and M. Stodulski and C. Strabel and R. Sulej and A. Suzuki and K. Suzuki and S. Suzuki and S.Y. Suzuki and Y. Suzuki and Y. Suzuki and J. Swierblewski and T. Szeglowski and M. Szeptycka and R. Tacik and M. Tada and M. Taguchi and S. Takahashi and A. Takeda and Y. Takenaga and Y. Takeuchi and K. Tanaka and H.A. Tanaka and M. Tanaka and M.M. Tanaka and N. Tanimoto and K. Tashiro and I. Taylor and A. Terashima and D. Terhorst and R. Terri and L.F. Thompson and A. Thorley and W. Toki and S. Tobayama and T. Tomaru and Y. Totsuka and C. Touramanis and T. Tsukamoto and M. Tzanov and Y. Uchida and K. Ueno and A. Vacheret and M. Vagins and G. Vasseur and T. Wachala and J.J. Walding and A.V. Waldron and C.W. Walter and P.J. Wanderer and J. Wang and M.A. Ward and G.P. Ward and D. Wark and M.O. Wascko and A. Weber and R. Wendell and N. West and L.H. Whitehead and G. Wikström and R.J. Wilkes and M.J. Wilking and Z. Williamson and J.R. Wilson and R.J. Wilson and T. Wongjirad and S. Yamada and Y. Yamada and A. Yamamoto and K. Yamamoto and Y. Yamanoi and H. Yamaoka and T. Yamauchi and C. Yanagisawa and T. Yano and S. Yen and N. Yershov and M. Yokoyama and T. Yuan and A. Zalewska and J. Zalipska and L. Zambelli and K. Zaremba and M. Ziembicki and E.D. Zimmerman and M. Zito and J. Zmuda",
	keywords = "Neutrino oscillation, T2K, Neutrino beam, Neutrino detector, Extruded scintillator, Wavelength shifting fiber"
}

@article{t2k_ingrid_proton,
title = "Development of the new T2K on-axis neutrino detector, INGRID proton module",
journal = "Nuclear Physics B - Proceedings Supplements",
volume = "229-232",
pages = "451",
year = "2012",
note = "Neutrino 2010",
issn = "0920-5632",
doi = "https://doi.org/10.1016/j.nuclphysbps.2012.09.088",
url = "http://www.sciencedirect.com/science/article/pii/S0920563212003052",
author = "T. Kikawa",
keywords = "T2K, J-PARC, neutrino detector, extruded scintillator, wavelength shifting fiber, MPPC"
}

@article{t2k_ingrid_xsec,
	title = {Measurement of the muon neutrino inclusive charged-current cross section in the energy range of 1--3 GeV with the T2K INGRID detector},
	author = {Abe, K. and Andreopoulos, C. and Antonova, M. and Aoki, S. and Ariga, A. and Assylbekov, S. and Autiero, D. and Barbi, M. and Barker, G. J. and Barr, G. and Bartet-Friburg, P. and Batkiewicz, M. and Bay, F. and Berardi, V. and Berkman, S. and Bhadra, S. and Blondel, A. and Bolognesi, S. and Bordoni, S. and Boyd, S. B. and Brailsford, D. and Bravar, A. and Bronner, C. and Calland, R. G. and Cao, S. and Caravaca Rodr\'{\i}guez, J. and Cartwright, S. L. and Castillo, R. and Catanesi, M. G. and Cervera, A. and Cherdack, D. and Chikuma, N. and Christodoulou, G. and Clifton, A. and Coleman, J. and Collazuol, G. and Cremonesi, L. and Dabrowska, A. and De Rosa, G. and Dealtry, T. and Dennis, S. R. and Densham, C. and Dewhurst, D. and Di Lodovico, F. and Di Luise, S. and Dolan, S. and Drapier, O. and Duffy, K. and Dumarchez, J. and Dytman, S. and Dziewiecki, M. and Emery-Schrenk, S. and Ereditato, A. and Feusels, T. and Finch, A. J. and Fiorentini, G. A. and Friend, M. and Fujii, Y. and Fukuda, D. and Fukuda, Y. and Furmanski, A. P. and Galymov, V. and Garcia, A. and Giffin, S. and Giganti, C. and Gilje, K. and Gonin, M. and Grant, N. and Hadley, D. R. and Haegel, L. and Haigh, M. D. and Hamilton, P. and Hansen, D. and Hara, T. and Hartz, M. and Hasegawa, T. and Hastings, N. C. and Hayashino, T. and Hayato, Y. and Helmer, R. L. and Hierholzer, M. and Hillairet, A. and Himmel, A. and Hiraki, T. and Hirota, S. and Holeczek, J. and Horikawa, S. and Hosomi, F. and Huang, K. and Ichikawa, A. K. and Ieki, K. and Ikeda, M. and Imber, J. and Insler, J. and Intonti, R. A. and Irvine, T. J. and Ishida, T. and Ishii, T. and Iwai, E. and Iwamoto, K. and Izmaylov, A. and Jacob, A. and Jamieson, B. and Jiang, M. and Johnson, S. and Jo, J. H. and Jonsson, P. and Jung, C. K. and Kabirnezhad, M. and Kaboth, A. C. and Kajita, T. and Kakuno, H. and Kameda, J. and Karlen, D. and Karpikov, I. and Katori, T. and Kearns, E. and Khabibullin, M. and Khotjantsev, A. and Kielczewska, D. and Kikawa, T. and Kim, H. and Kim, J. and King, S. and Kisiel, J. and Kobayashi, T. and Koch, L. and Koga, T. and Konaka, A. and Kondo, K. and Kopylov, A. and Kormos, L. L. and Korzenev, A. and Koshio, Y. and Kropp, W. and Kudenko, Y. and Kurjata, R. and Kutter, T. and Lagoda, J. and Lamont, I. and Larkin, E. and Laveder, M. and Lawe, M. and Lazos, M. and Lindner, T. and Liptak, Z. J. and Litchfield, R. P. and Longhin, A. and Lopez, J. P. and Ludovici, L. and Lu, X. and Magaletti, L. and Mahn, K. and Malek, M. and Manly, S. and Marino, A. D. and Marteau, J. and Martin, J. F. and Martins, P. and Martynenko, S. and Maruyama, T. and Matveev, V. and Mavrokoridis, K. and Ma, W. Y. and Mazzucato, E. and McCarthy, M. and McCauley, N. and McFarland, K. S. and McGrew, C. and Mefodiev, A. and Mezzetto, M. and Mijakowski, P. and Miller, C. A. and Minamino, A. and Mineev, O. and Mine, S. and Missert, A. and Miura, M. and Moriyama, S. and Mueller, Th. A. and Murphy, S. and Myslik, J. and Nakadaira, T. and Nakahata, M. and Nakamura, K. G. and Nakamura, K. and Nakamura, K. D. and Nakayama, S. and Nakaya, T. and Nakayoshi, K. and Nantais, C. and Nielsen, C. and Nirkko, M. and Nishikawa, K. and Nishimura, Y. and Nowak, J. and O'Keeffe, H. M. and Ohta, R. and Okumura, K. and Okusawa, T. and Oryszczak, W. and Oser, S. M. and Ovsyannikova, T. and Owen, R. A. and Oyama, Y. and Palladino, V. and Palomino, J. L. and Paolone, V. and Payne, D. and Perkin, J. D. and Petrov, Y. and Pickard, L. and Pickering, L. and Pinzon Guerra, E. S. and Pistillo, C. and Popov, B. and Posiadala-Zezula, M. and Poutissou, J.-M. and Poutissou, R. and Przewlocki, P. and Quilain, B. and Radicioni, E. and Ratoff, P. N. and Ravonel, M. and Rayner, M. A. M. and Redij, A. and Reinherz-Aronis, E. and Riccio, C. and Rojas, P. and Rondio, E. and Roth, S. and Rubbia, A. and Rychter, A. and Sacco, R. and Sakashita, K. and S\'anchez, F. and Sato, F. and Scantamburlo, E. and Scholberg, K. and Schoppmann, S. and Schwehr, J. D. and Scott, M. and Seiya, Y. and Sekiguchi, T. and Sekiya, H. and Sgalaberna, D. and Shah, R. and Shaikhiev, A. and Shaker, F. and Shaw, D. and Shiozawa, M. and Shirahige, T. and Short, S. and Smy, M. and Sobczyk, J. T. and Sorel, M. and Southwell, L. and Stamoulis, P. and Steinmann, J. and Stewart, T. and Suda, Y. and Suvorov, S. and Suzuki, A. and Suzuki, K. and Suzuki, S. Y. and Suzuki, Y. and Tacik, R. and Tada, M. and Takahashi, S. and Takeda, A. and Takeuchi, Y. and Tanaka, H. K. and Tanaka, H. A. and Terhorst, D. and Terri, R. and Thompson, L. F. and Tobayama, S. and Toki, W. and Tomura, T. and Touramanis, C. and Tsukamoto, T. and Tzanov, M. and Uchida, Y. and Vacheret, A. and Vagins, M. and Vallari, Z. and Vasseur, G. and Wachala, T. and Wakamatsu, K. and Walter, C. W. and Wark, D. and Warzycha, W. and Wascko, M. O. and Weber, A. and Wendell, R. and Wilkes, R. J. and Wilking, M. J. and Wilkinson, C. and Wilson, J. R. and Wilson, R. J. and Yamada, Y. and Yamamoto, K. and Yamamoto, M. and Yanagisawa, C. and Yano, T. and Yen, S. and Yershov, N. and Yokoyama, M. and Yoo, J. and Yoshida, K. and Yuan, T. and Yu, M. and Zalewska, A. and Zalipska, J. and Zambelli, L. and Zaremba, K. and Ziembicki, M. and Zimmerman, E. D. and Zito, M. and \ifmmode \dot{Z}\else \.{Z}\fi{}muda, J.},
	collaboration = {T2K Collaboration},
	journal = {Phys. Rev. D},
	volume = {93},
	issue = {7},
	pages = {072002},
	numpages = {23},
	year = {2016},
	month = {Apr},
	publisher = {American Physical Society},
	doi = {10.1103/PhysRevD.93.072002},
	url = {https://link.aps.org/doi/10.1103/PhysRevD.93.072002}
}


@article{t2k_ecal,
	author={D Allan and C Andreopoulos and C Angelsen and G J Barker and G Barr and S Bentham and I Bertram and S Boyd and K Briggs and R G
	Calland and J Carroll and S L Cartwright and A Carver and C Chavez and G Christodoulou and J Coleman and P Cooke and G Davies and C
	Densham and F Di Lodovico and J Dobson and T Duboyski and T Durkin and D L Evans and A Finch and M Fitton and F C Gannaway and A Grant and N
	Grant and S Grenwood and P Guzowski and D Hadley and M Haigh and P F Harrison and A Hatzikoutelis and T D J Haycock and A Hyndman and J
	Ilic and S Ives and A C Kaboth and V Kasey and L Kellet and M Khaleeq and G Kogan and L L Kormos and M Lawe and T B Lawson and C Lister and R P
	Litchfield and M Lockwood and M Malek and T Maryon and P Masliah and K Mavrokoridis and N McCauley and I Mercer and C Metelko and B
	Morgan and J Morris and A Muir and M Murdoch and T Nicholls and M Noy and H M O'Keeffe and R A Owen and D Payne and G F Pearce and J D
	Perkin and E Poplawska and R Preece and W Qian and P Ratoff and T Raufer and M Raymond and M Reeves and D Richards and M Rooney and R
	Sacco and S Sadler and P Schaack and M Scott and D I Scully and S Short and M Siyad and R Smith and B Still and P Sutcliffe and I J Taylor and R
	Terri and L F Thompson and A Thorley and M Thorpe and C Timis and C Touramanis and M A Uchida and Y Uchida and A Vacheret and J F Van
	Schalkwyk and O Veledar and A V Waldron and M A Ward and G P Ward and D Wark and M O Wascko and A Weber and N West and L H Whitehead and C
	Wilkinson and J R Wilson},
	title={The electromagnetic calorimeter for the T2K near detector ND280},
	journal={Journal of Instrumentation},
	volume={8},
	number={10},
	pages={P10019},
	eprint={http://stacks.iop.org/1748-0221/8/i=10/a=P10019},
	year={2013},
	abstract={The T2K experiment studies oscillations of an off-axis muon neutrino beam between the J-PARC accelerator complex and the Super-Kamiokande detector. Special emphasis is placed on measuring the mixing angle θ 13 by observing ν e appearance via the sub-dominant ν μ → ν e oscillation and searching for CP violation in the lepton sector. The experiment includes a sophisticated, off-axis, near detector, the ND280, situated 280 m downstream of the neutrino production target in order to measure the properties of the neutrino beam and to understand better neutrino interactions at the energy scale below a few GeV. The data collected with the ND280 are used to study charged- and neutral-current neutrino interaction rates and kinematics prior to oscillation, in order to reduce uncertainties in the oscillation measurements by the far detector. A key element of the near detector is the ND280 electromagnetic calorimeter (ECal), consisting of active scintillator bars sandwiched between lead sheets and read out with multi-pixel photon counters (MPPCs). The ECal is vital to the reconstruction of neutral particles, and the identification of charged particle species. The ECal surrounds the Pi-0 detector (PØD) and the tracking region of the ND280, and is enclosed in the former UA1/NOMAD dipole magnet. This paper describes the design, construction and assembly of the ECal, as well as the materials from which it is composed. The electronic and data acquisition (DAQ) systems are discussed, and performance of the ECal modules, as deduced from measurements with particle beams, cosmic rays, the calibration system, and T2K data, is described.}
}

@article{t2k_sk,
	title = "The Super-Kamiokande detector",
	journal = "Nuclear Instruments and Methods in Physics Research Section A: Accelerators, Spectrometers, Detectors and Associated Equipment",
	volume = "501",
	number = "2",
	pages = "418 - 462",
	year = "2003",
	issn = "0168-9002",
	doi = "https://doi.org/10.1016/S0168-9002(03)00425-X",
	eprint = "http://www.sciencedirect.com/science/article/pii/S016890020300425X",
	author = "S. Fukuda and Y. Fukuda and T. Hayakawa and E. Ichihara and M. Ishitsuka and Y. Itow and T. Kajita and J. Kameda and K. Kaneyuki and S. Kasuga and K. Kobayashi and Y. Kobayashi and Y. Koshio and M. Miura and S. Moriyama and M. Nakahata and S. Nakayama and T. Namba and Y. Obayashi and A. Okada and M. Oketa and K. Okumura and T. Oyabu and N. Sakurai and M. Shiozawa and Y. Suzuki and Y. Takeuchi and T. Toshito and Y. Totsuka and S. Yamada and S. Desai and M. Earl and J.T. Hong and E. Kearns and M. Masuzawa and M.D. Messier and J.L. Stone and L.R. Sulak and C.W. Walter and W. Wang and K. Scholberg and T. Barszczak and D. Casper and D.W. Liu and W. Gajewski and P.G. Halverson and J. Hsu and W.R. Kropp and S. Mine and L.R. Price and F. Reines and M. Smy and H.W. Sobel and M.R. Vagins and K.S. Ganezer and W.E. Keig and R.W. Ellsworth and S. Tasaka and J.W. Flanagan and A. Kibayashi and J.G. Learned and S. Matsuno and V.J. Stenger and Y. Hayato and T. Ishii and A. Ichikawa and J. Kanzaki and T. Kobayashi and T. Maruyama and K. Nakamura and Y. Oyama and A. Sakai and M. Sakuda and O. Sasaki and S. Echigo and T. Iwashita and M. Kohama and A.T. Suzuki and M. Hasegawa and T. Inagaki and I. Kato and H. Maesaka and T. Nakaya and K. Nishikawa and S. Yamamoto and T.J. Haines and B.K. Kim and R. Sanford and R. Svoboda and E. Blaufuss and M.L. Chen and Z. Conner and J.A. Goodman and E. Guillian and G.W. Sullivan and D. Turcan and A. Habig and M. Ackerman and F. Goebel and J. Hill and C.K. Jung and T. Kato and D. Kerr and M. Malek and K. Martens and C. Mauger and C. McGrew and E. Sharkey and B. Viren and C. Yanagisawa and W. Doki and S. Inaba and K. Ito and M. Kirisawa and M. Kitaguchi and C. Mitsuda and K. Miyano and C. Saji and M. Takahata and M. Takahashi and K. Higuchi and Y. Kajiyama and A. Kusano and Y. Nagashima and K. Nitta and M. Takita and T. Yamaguchi and M. Yoshida and H.I. Kim and S.B. Kim and J. Yoo and H. Okazawa and M. Etoh and K. Fujita and Y. Gando and A. Hasegawa and T. Hasegawa and S. Hatakeyama and K. Inoue and K. Ishihara and T. Iwamoto and M. Koga and I. Nishiyama and H. Ogawa and J. Shirai and A. Suzuki and T. Takayama and F. Tsushima and M. Koshiba and Y. Ichikawa and T. Hashimoto and Y. Hatakeyama and M. Koike and T. Horiuchi and M. Nemoto and K. Nishijima and H. Takeda and H. Fujiyasu and T. Futagami and H. Ishino and Y. Kanaya and M. Morii and H. Nishihama and H. Nishimura and T. Suzuki and Y. Watanabe and D. Kielczewska and U. Golebiewska and H.G. Berns and S.B. Boyd and R.A. Doyle and J.S. George and A.L. Stachyra and L.L. Wai and R.J. Wilkes and K.K. Young and H. Kobayashi",
	keywords = "Water Cherenkov detector, Super-Kamiokande, Neutrinos, K2K, Cosmic rays"
}

@article{t2k_sk2,
	title = "High-speed charge-to-time converter ASIC for the Super-Kamiokande detector",
	journal = "Nuclear Instruments and Methods in Physics Research Section A: Accelerators, Spectrometers, Detectors and Associated Equipment",
	volume = "610",
	number = "3",
	pages = "710 - 717",
	year = "2009",
	issn = "0168-9002",
	doi = "https://doi.org/10.1016/j.nima.2009.09.026",
	eprint = "http://www.sciencedirect.com/science/article/pii/S0168900209017495",
	author = "H. Nishino and K. Awai and Y. Hayato and S. Nakayama and K. Okumura and M. Shiozawa and A. Takeda and K. Ishikawa and A. Minegishi and Y. Arai",
	keywords = "Super-Kamiokande, Photomultiplier tube readout, Charge-to-time converter, Self-trigger, high-speed, Low-noise"
}

@article{t2k_sk3,
	title = "Calibration of the Super-Kamiokande detector",
	journal = "Nuclear Instruments and Methods in Physics Research Section A: Accelerators, Spectrometers, Detectors and Associated Equipment",
	volume = "737",
	pages = "253 - 272",
	year = "2014",
	issn = "0168-9002",
	doi = "https://doi.org/10.1016/j.nima.2013.11.081",
	eprint = "http://www.sciencedirect.com/science/article/pii/S016890021301646X",
	author = "K. Abe and Y. Hayato and T. Iida and K. Iyogi and J. Kameda and Y. Kishimoto and Y. Koshio and Ll. Marti and M. Miura and S. Moriyama and M. Nakahata and Y. Nakano and S. Nakayama and Y. Obayashi and H. Sekiya and M. Shiozawa and Y. Suzuki and A. Takeda and Y. Takenaga and H. Tanaka and T. Tomura and K. Ueno and R.A. Wendell and T. Yokozawa and T.J. Irvine and H. Kaji and T. Kajita and K. Kaneyuki and K.P. Lee and Y. Nishimura and K. Okumura and T. McLachlan and L. Labarga and E. Kearns and J.L. Raaf and J.L. Stone and L.R. Sulak and S. Berkman and H.A. Tanaka and S. Tobayama and M. Goldhaber and K. Bays and G. Carminati and W.R. Kropp and S. Mine and A. Renshaw and M.B. Smy and H.W. Sobel and K.S. Ganezer and J. Hill and W.E. Keig and J.S. Jang and J.Y. Kim and I.T. Lim and N. Hong and T. Akiri and J.B. Albert and A. Himmel and K. Scholberg and C.W. Walter and T. Wongjirad and T. Ishizuka and S. Tasaka and J.G. Learned and S. Matsuno and S.N. Smith and T. Hasegawa and T. Ishida and T. Ishii and T. Kobayashi and T. Nakadaira and K. Nakamura and K. Nishikawa and Y. Oyama and K. Sakashita and T. Sekiguchi and T. Tsukamoto and A.T. Suzuki and Y. Takeuchi and K. Huang and K. Ieki and M. Ikeda and T. Kikawa and H. Kubo and A. Minamino and A. Murakami and T. Nakaya and M. Otani and K. Suzuki and S. Takahashi and Y. Fukuda and K. Choi and Y. Itow and G. Mitsuka and M. Miyake and P. Mijakowski and R. Tacik and J. Hignight and J. Imber and C.K. Jung and I. Taylor and C. Yanagisawa and Y. Idehara and H. Ishino and A. Kibayashi and T. Mori and M. Sakuda and R. Yamaguchi and T. Yano and Y. Kuno and S.B. Kim and B.S. Yang and H. Okazawa and Y. Choi and K. Nishijima and M. Koshiba and Y. Totsuka and M. Yokoyama and K. Martens and M.R. Vagins and J.F. Martin and P. de Perio and A. Konaka and M.J. Wilking and S. Chen and Y. Heng and H. Sui and Z. Yang and H. Zhang and Y. Zhenwei and K. Connolly and M. Dziomba and R.J. Wilkes",
	keywords = "Neutrino detector, Detector calibration, Water Cherenkov detector, Super-Kamioknade, Cosmic rays"
}


@article{t2k_beam,
	title = {T2K neutrino flux prediction},
	author = {Abe, K. and Abgrall, N. and Aihara, H. and Akiri, T. and Albert, J. B. and Andreopoulos, C. and Aoki, S. and Ariga, A. and Ariga, T. and Assylbekov, S. and Autiero, D. and Barbi, M. and Barker, G. J. and Barr, G. and Bass, M. and Batkiewicz, M. and Bay, F. and Bentham, S. W. and Berardi, V. and Berger, B. E. and Berkman, S. and Bertram, I. and Beznosko, D. and Bhadra, S. and Blaszczyk, F. d. M. and Blondel, A. and Bojechko, C. and Boyd, S. and Bravar, A. and Bronner, C. and Brook-Roberge, D. G. and Buchanan, N. and Calland, R. G. and Caravaca Rodr\'{\i}guez, J. and Cartwright, S. L. and Castillo, R. and Catanesi, M.-G. and Cervera, A. and Cherdack, D. and Christodoulou, G. and Clifton, A. and Coleman, J. and Coleman, S. J. and Collazuol, G. and Connolly, K. and Curioni, A. and Dabrowska, A. and Danko, I. and Das, R. and Davis, S. and Day, M. and de Andr\'e, J. P. A. M. and de Perio, P. and De Rosa, G. and Dealtry, T. and Densham, C. and Di Lodovico, F. and Di Luise, S. and Dobson, J. and Duboyski, T. and Dufour, F. and Dumarchez, J. and Dytman, S. and Dziewiecki, M. and Dziomba, M. and Emery, S. and Ereditato, A. and Escudero, L. and Esposito, L. S. and Finch, A. J. and Frank, E. and Friend, M. and Fujii, Y. and Fukuda, Y. and Galymov, V. and Gaudin, A. and Giffin, S. and Giganti, C. and Gilje, K. and Golan, T. and Gomez-Cadenas, J. J. and Gonin, M. and Grant, N. and Gudin, D. and Guzowski, P. and Hadley, D. R. and Haesler, A. and Haigh, M. D. and Hansen, D. and Hara, T. and Hartz, M. and Hasegawa, T. and Hastings, N. C. and Hayato, Y. and Hearty, C. and Helmer, R. L. and Hignight, J. and Hillairet, A. and Himmel, A. and Hiraki, T. and Holeczek, J. and Horikawa, S. and Huang, K. and Hyndman, A. and Ichikawa, A. K. and Ieki, K. and Ieva, M. and Ikeda, M. and Imber, J. and Insler, J. and Ishida, T. and Ishii, T. and Ives, S. J. and Iyogi, K. and Izmaylov, A. and Jamieson, B. and Johnson, R. A. and Jo, J. H. and Jonsson, P. and Joo, K. K. and Jover-Manas, G. V. and Jung, C. K. and Kaji, H. and Kajita, T. and Kakuno, H. and Kameda, J. and Kanazawa, Y. and Karlen, D. and Karpikov, I. and Kearns, E. and Khabibullin, M. and Khanam, F. and Khotjantsev, A. and Kielczewska, D. and Kikawa, T. and Kilinski, A. and Kim, J. Y. and Kim, J. and Kim, S. B. and Kirby, B. and Kisiel, J. and Kitching, P. and Kobayashi, T. and Kogan, G. and Konaka, A. and Kormos, L. L. and Korzenev, A. and Koseki, K. and Koshio, Y. and Kowalik, K. and Kreslo, I. and Kropp, W. and Kubo, H. and Kudenko, Y. and Kumaratunga, S. and Kurjata, R. and Kutter, T. and Lagoda, J. and Laihem, K. and Laing, A. and Laveder, M. and Lawe, M. and Lee, K. P. and Licciardi, C. and Lim, I. T. and Lindner, T. and Lister, C. and Litchfield, R. P. and Longhin, A. and Lopez, G. D. and Ludovici, L. and Macaire, M. and Magaletti, L. and Mahn, K. and Malek, M. and Manly, S. and Marchionni, A. and Marino, A. D. and Marteau, J. and Martin, J. F. and Maruyama, T. and Marzec, J. and Masliah, P. and Mathie, E. L. and Matsumura, C. and Matsuoka, K. and Matveev, V. and Mavrokoridis, K. and Mazzucato, E. and McCauley, N. and McFarland, K. S. and McGrew, C. and McLachlan, T. and Messina, M. and Metelko, C. and Mezzetto, M. and Mijakowski, P. and Miller, C. A. and Minamino, A. and Mineev, O. and Mine, S. and Missert, A. and Miura, M. and Monfregola, L. and Moriyama, S. and Mueller, Th. A. and Murakami, A. and Murdoch, M. and Murphy, S. and Myslik, J. and Nagasaki, T. and Nakadaira, T. and Nakahata, M. and Nakai, T. and Nakajima, K. and Nakamura, K. and Nakayama, S. and Nakaya, T. and Nakayoshi, K. and Naples, D. and Nicholls, T. C. and Nielsen, C. and Nishikawa, K. and Nishimura, Y. and O'Keeffe, H. M. and Obayashi, Y. and Ohta, R. and Okumura, K. and Oryszczak, W. and Oser, S. M. and Otani, M. and Owen, R. A. and Oyama, Y. and Pac, M. Y. and Palladino, V. and Paolone, V. and Payne, D. and Pearce, G. F. and Perevozchikov, O. and Perkin, J. D. and Pinzon Guerra, E. S. and Plonski, P. and Poplawska, E. and Popov, B. and Posiadala, M. and Poutissou, J.-M. and Poutissou, R. and Przewlocki, P. and Quilain, B. and Radicioni, E. and Ratoff, P. N. and Ravonel, M. and Rayner, M. A. and Reeves, M. and Reinherz-Aronis, E. and Retiere, F. and Rodrigues, P. A. and Rondio, E. and Rossi, B. and Roth, S. and Rubbia, A. and Ruterbories, D. and Sacco, R. and Sakashita, K. and S\'anchez, F. and Scantambeprinto, E. and Scholberg, K. and Schwehr, J. and Scott, M. and Scully, D. I. and Seiya, Y. and Sekiguchi, T. and Sekiya, H. and Shibata, M. and Shiozawa, M. and Short, S. and Shustrov, Y. and Sinclair, P. and Smith, B. and Smith, R. J. and Smy, M. and Sobczyk, J. T. and Sobel, H. and Sorel, M. and Southwell, L. and Stamoulis, P. and Steinmann, J. and Still, B. and Sulej, R. and Suzuki, A. and Suzuki, K. and Suzuki, S. Y. and Suzuki, Y. and Szeglowski, T. and Szeptycka, M. and Tacik, R. and Tada, M. and Takahashi, S. and Takeda, A. and Takeuchi, Y. and Tanaka, H. A. and Tanaka, M. and Tanaka, M. M. and Taylor, I. J. and Terhorst, D. and Terri, R. and Thompson, L. F. and Thorley, A. and Tobayama, S. and Toki, W. and Tomura, T. and Totsuka, Y. and Touramanis, C. and Tsukamoto, T. and Tzanov, M. and Uchida, Y. and Ueno, K. and Vacheret, A. and Vagins, M. and Vasseur, G. and Wachala, T. and Waldron, A. V. and Walter, C. W. and Wang, J. and Wark, D. and Wascko, M. O. and Weber, A. and Wendell, R. and Wikstr\"om, G. and Wilkes, R. J. and Wilking, M. J. and Wilkinson, C. and Williamson, Z. and Wilson, J. R. and Wilson, R. J. and Wongjirad, T. and Yamada, Y. and Yamamoto, K. and Yanagisawa, C. and Yano, T. and Yen, S. and Yershov, N. and Yokoyama, M. and Yuan, T. and Zalewska, A. and Zambelli, L. and Zaremba, K. and Ziembicki, M. and Zimmerman, E. D. and Zito, M. and \ifmmode \dot{Z}\else \.{Z}\fi{}muda, J.},
	collaboration = {T2K Collaboration},
	journal = {Phys. Rev. D},
	volume = {87},
	issue = {1},
	pages = {012001},
	numpages = {34},
	year = {2013},
	month = {Jan},
	publisher = {American Physical Society},
	doi = {10.1103/PhysRevD.87.012001},
	eprint = {https://link.aps.org/doi/10.1103/PhysRevD.87.012001}
}

@article{t2k_mumon2,
	author = {Suzuki, K. and Aoki, S. and Ariga, A. and Ariga, T. and Bay, F. and Bronner, C. and Ereditato, A. and Friend, M. and Hartz, M. and Hiraki, T. and Ichikawa, A.K. and Ishida, T. and Ishii, T. and Juget, F. and Kikawa, T. and Kobayashi, T. and Kubo, H. and Matsuoka, K. and Maruyama, T. and Minamino, A. and Murakami, A. and Nakadaira, T. and Nakaya, T. and Nakayoshi, K. and Otani, M. and Oyama, Y. and Patel, N. and Pistillo, C. and Sakashita, K. and Sekiguchi, T. and Suzuki, S.Y. and Tada, S. and Yamada, Y. and Yamamoto, K. and Yokoyama, M.},
	title = {Measurement of the muon beam direction and muon flux for the T2K neutrino experiment},
	journal = {Progress of Theoretical and Experimental Physics},
	volume = {2015},
	number = {5},
	pages = {053C01},
	year = {2015},
	doi = {10.1093/ptep/ptv054},
	URL = {http://dx.doi.org/10.1093/ptep/ptv054}
}

@article{t2k_mumon,
title = "Design and performance of the muon monitor for the T2K neutrino oscillation experiment",
journal = "Nuclear Instruments and Methods in Physics Research Section A: Accelerators, Spectrometers, Detectors and Associated Equipment",
volume = "624",
number = "3",
pages = "591 - 600",
year = "2010",
issn = "0168-9002",
doi = "https://doi.org/10.1016/j.nima.2010.09.074",
eprint = "http://www.sciencedirect.com/science/article/pii/S016890021002098X",
author = "K. Matsuoka and A.K. Ichikawa and H. Kubo and K. Maeda and T. Maruyama and C. Matsumura and A. Murakami and T. Nakaya and K. Nishikawa and T. Ozaki and K. Sakashita and K. Suzuki and S.Y. Suzuki and K. Tashiro and K. Yamamoto and M. Yokoyama",
keywords = "T2K, J-PARC, Neutrino beam, Muon monitor, Ionization chamber, Silicon PIN photodiode"
}

@article{baby_mind,
	author={M. Antonova and R. Asfandiyarov and R. Bayes and P. Benoit and A. Blondel and M. Bogomilov and A. Bross and F. Cadoux and A.
	Cervera and N. Chikuma and A. Dudarev and T. Ekelöf and Y. Favre and S. Fedotov and S-P. Hallsjö and A. Izmaylov and Y. Karadzhov and M.
	Khabibullin and A. Khotyantsev and A. Kleymenova and T. Koga and A. Kostin and Y. Kudenko and V. Likhacheva and B. Martinez and R.
	Matev and M. Medvedeva and A. Mefodiev and A. Minamino and O. Mineev and M. Nessi and L. Nicola and E. Noah and T. Ovsiannikova and H.
	Pais Da Silva and S. Parsa and M. Rayner and G. Rolando and A. Shaykhiev and P. Simion and F.J.P. Soler and S. Suvorov and R.
	Tsenov and H. Ten Kate and G. Vankova-Kirilova and N. Yershov},
	title={Baby MIND: a magnetized segmented neutrino detector for the WAGASCI experiment},
	journal={Journal of Instrumentation},
	volume={12},
	number={07},
	pages={C07028},
	eprint={http://stacks.iop.org/1748-0221/12/i=07/a=C07028},
	year={2017}
}

@article{wagasci,
author="Ovsiannikova, T.
and Antonova, M.
and Izmaylov, A.
and Kudenko, Y.
and Khabibullin, M.
and Khotjantsev, A.
and Mefodiev, A.
and Mineev, O.
and Suvorov, S.
and Yershov, N.",
title="New experiment WAGASCI to measure cross sections of neutrino interactions in water and hydrocarbon using J-PARC beam",
journal="Physics of Particles and Nuclei",
year="2017",
month="Nov",
day="01",
volume="48",
number="6",
pages="1014--1017",
issn="1531-8559",
doi="10.1134/S1063779617060478",
eprint="https://doi.org/10.1134/S1063779617060478"
}

@unpublished{ninja,
	title = {Proposal for precise measurement of neutrinop-water cross-section in NINJA physics run},
	author = {T. Fukuda and others},
	collaboration = {NINJA collaboration},
	year = {2017},
	note = {Proposal for J-PARC and KEK},
	eprint = {{{https://j-parc.jp/researcher/Hadron/en/pac_1801/pdf/P71_2018-4.pdf}}}
}

@unpublished{jparc_tdr,
	author         = "Yamazaki, Y. and Hasegawa, K. and Ikegami, M. and Irie, Y. and Kato, T. and Kobayashi, H. and Machida, S. and Mori, Y. and Noda, F. and Suzuki, H. and others ",
	title          = "{Accelerator technical design report for J-PARC}",
	year           = "2003",
	reportNumber   = "KEK-REPORT-2002-13, JAERI-TECH-2003-044, J-PARC-03-01",
	eprint = "https://cds.cern.ch/record/747209/files/34072617.pdf"
}

@article{t2k_horns,
	title = "Development and operational experience of magnetic horn system for T2K experiment",
	journal = "Nuclear Instruments and Methods in Physics Research Section A: Accelerators, Spectrometers, Detectors and Associated Equipment",
	volume = "789",
	pages = "57 - 80",
	year = "2015",
	issn = "0168-9002",
	doi = "https://doi.org/10.1016/j.nima.2015.04.008",
	eprint = "http://www.sciencedirect.com/science/article/pii/S0168900215004672",
	author = "T. Sekiguchi and K. Bessho and Y. Fujii and M. Hagiwara and T. Hasegawa and K. Hayashi and T. Ishida and T. Ishii and H. Kobayashi and T. Kobayashi and S. Koike and K. Koseki and T. Maruyama and H. Matsumoto and T. Nakadaira and K. Nakamura and K. Nakayoshi and K. Nishikawa and Y. Oyama and K. Sakashita and M. Shibata and Y. Suzuki and M. Tada and K. Takahashi and T. Tsukamoto and Y. Yamada and Y. Yamanoi and H. Yamaoka and A.K. Ichikawa and H. Kubo and Z. Butcher and S. Coleman and A. Missert and J. Spitz and E.D. Zimmerman and M. Tzanov and L. Bartoszek",
	keywords = "Magnetic horn, Neutrino, Beamline, T2K, J-PARC"
}

@article{off_axis,
	author = {Beavis, D. and Carroll A. and Chiang, I.},
	year = "1995",
	title = {Long baseline neutrino oscillation experiment at the AGS},
	note = {Physics design report, Report Number BNL--52459}
}



%%%%%%%%%%%%%%%
%% HISTORICAL
@article{minos_obs,
	title = {Observation of Muon Neutrino Disappearance with the MINOS Detectors in the NuMI Neutrino Beam},
	author = {Michael, D. G. and others},
	collaboration = {MINOS Collaboration},
	journal = {Phys. Rev. Lett.},
	volume = {97},
	issue = {19},
	pages = {191801},
	numpages = {6},
	year = {2006},
	month = {Nov},
	publisher = {American Physical Society},
	doi = {10.1103/PhysRevLett.97.191801},
	eprint = {https://link.aps.org/doi/10.1103/PhysRevLett.97.191801}
}

@article{k2k_obs,
	title = {Measurement of neutrino oscillation by the K2K experiment},
	author = {Ahn, M. H. and others},
	collaboration = {K2K Collaboration},
	journal = {Phys. Rev. D},
	volume = {74},
	issue = {7},
	pages = {072003},
	numpages = {39},
	year = {2006},
	month = {Oct},
	publisher = {American Physical Society},
	doi = {10.1103/PhysRevD.74.072003},
	eprint = {https://link.aps.org/doi/10.1103/PhysRevD.74.072003}
}

@article{sk_2005,
	title = {Measurement of atmospheric neutrino oscillation parameters by Super-Kamiokande I},
	author = {Ashie, Y. and others},
	collaboration = {Super-Kamiokande Collaboration},
	journal = {Phys. Rev. D},
	volume = {71},
	issue = {11},
	pages = {112005},
	numpages = {35},
	year = {2005},
	month = {Jun},
	publisher = {American Physical Society},
	doi = {10.1103/PhysRevD.71.112005},
	eprint = {https://link.aps.org/doi/10.1103/PhysRevD.71.112005}
}

@article{sk_disc,
	title = {Evidence for Oscillation of Atmospheric Neutrinos},
	author = {Fukuda, Y. and others},
	collaboration = {Super-Kamiokande Collaboration},
	journal = {Phys. Rev. Lett.},
	volume = {81},
	issue = {8},
	pages = {1562--1567},
	numpages = {0},
	year = {1998},
	month = {Aug},
	publisher = {American Physical Society},
	doi = {10.1103/PhysRevLett.81.1562},
	eprint = {https://link.aps.org/doi/10.1103/PhysRevLett.81.1562}
}

@article{sk_nu_anu_diff,
	title = {Search for Differences in Oscillation Parameters for Atmospheric Neutrinos and Antineutrinos at Super-Kamiokande},
	author = {Abe, K. and Hayato, Y. and Iida, T. and Ikeda, M. and Iyogi, K. and Kameda, J. and Koshio, Y. and Kozuma, Y. and Miura, M. and Moriyama, S. and Nakahata, M. and Nakayama, S. and Obayashi, Y. and Sekiya, H. and Shiozawa, M. and Suzuki, Y. and Takeda, A. and Takenaga, Y. and Takeuchi, Y. and Ueno, K. and Ueshima, K. and Watanabe, H. and Yamada, S. and Yokozawa, T. and Ishihara, C. and Kaji, H. and Lee, K. P. and Kajita, T. and Kaneyuki, K. and McLachlan, T. and Okumura, K. and Shimizu, Y. and Tanimoto, N. and Martens, K. and Vagins, M. R. and Labarga, L. and Magro, L. M. and Dufour, F. and Kearns, E. and Litos, M. and Raaf, J. L. and Stone, J. L. and Sulak, L. R. and Goldhaber, M. and Bays, K. and Kropp, W. R. and Mine, S. and Regis, C. and Smy, M. B. and Sobel, H. W. and Ganezer, K. S. and Hill, J. and Keig, W. E. and Jang, J. S. and Kim, J. Y. and Lim, I. T. and Albert, J. B. and Scholberg, K. and Walter, C. W. and Wendell, R. and Wongjirad, T. M. and Tasaka, S. and Learned, J. G. and Matsuno, S. and Hasegawa, T. and Ishida, T. and Ishii, T. and Kobayashi, T. and Nakadaira, T. and Nakamura, K. and Nishikawa, K. and Nishino, H. and Oyama, Y. and Sakashita, K. and Sekiguchi, T. and Tsukamoto, T. and Suzuki, A. T. and Minamino, A. and Nakaya, T. and Fukuda, Y. and Itow, Y. and Mitsuka, G. and Tanaka, T. and Jung, C. K. and Taylor, I. and Yanagisawa, C. and Ishino, H. and Kibayashi, A. and Mino, S. and Mori, T. and Sakuda, M. and Toyota, H. and Kuno, Y. and Kim, S. B. and Yang, B. S. and Ishizuka, T. and Okazawa, H. and Choi, Y. and Nishijima, K. and Koshiba, M. and Yokoyama, M. and Totsuka, Y. and Chen, S. and Heng, Y. and Yang, Z. and Zhang, H. and Kielczewska, D. and Mijakowski, P. and Connolly, K. and Dziomba, M. and Wilkes, R. J.},
	collaboration = {Super-Kamiokande Collaboration},
	journal = {Phys. Rev. Lett.},
	volume = {107},
	issue = {24},
	pages = {241801},
	numpages = {6},
	year = {2011},
	month = {Dec},
	publisher = {American Physical Society},
	doi = {10.1103/PhysRevLett.107.241801},
	eprint = {https://link.aps.org/doi/10.1103/PhysRevLett.107.241801}
}

@article{daya_bay_disc,
	title = {Observation of Electron-Antineutrino Disappearance at Daya Bay},
	author = {An, F. P. and Bai, J. Z. and Balantekin, A. B. and Band, H. R. and Beavis, D. and Beriguete, W. and Bishai, M. and Blyth, S. and Boddy, K. and Brown, R. L. and Cai, B. and Cao, G. F. and Cao, J. and Carr, R. and Chan, W. T. and Chang, J. F. and Chang, Y. and Chasman, C. and Chen, H. S. and Chen, H. Y. and Chen, S. J. and Chen, S. M. and Chen, X. C. and Chen, X. H. and Chen, X. S. and Chen, Y. and Chen, Y. X. and Cherwinka, J. J. and Chu, M. C. and Cummings, J. P. and Deng, Z. Y. and Ding, Y. Y. and Diwan, M. V. and Dong, L. and Draeger, E. and Du, X. F. and Dwyer, D. A. and Edwards, W. R. and Ely, S. R. and Fang, S. D. and Fu, J. Y. and Fu, Z. W. and Ge, L. Q. and Ghazikhanian, V. and Gill, R. L. and Goett, J. and Gonchar, M. and Gong, G. H. and Gong, H. and Gornushkin, Y. A. and Greenler, L. S. and Gu, W. Q. and Guan, M. Y. and Guo, X. H. and Hackenburg, R. W. and Hahn, R. L. and Hans, S. and He, M. and He, Q. and He, W. S. and Heeger, K. M. and Heng, Y. K. and Hinrichs, P. and Ho, T. H. and Hor, Y. K. and Hsiung, Y. B. and Hu, B. Z. and Hu, T. and Hu, T. and Huang, H. X. and Huang, H. Z. and Huang, P. W. and Huang, X. and Huang, X. T. and Huber, P. and Isvan, Z. and Jaffe, D. E. and Jetter, S. and Ji, X. L. and Ji, X. P. and Jiang, H. J. and Jiang, W. Q. and Jiao, J. B. and Johnson, R. A. and Kang, L. and Kettell, S. H. and Kramer, M. and Kwan, K. K. and Kwok, M. W. and Kwok, T. and Lai, C. Y. and Lai, W. C. and Lai, W. H. and Lau, K. and Lebanowski, L. and Lee, J. and Lee, M. K. P. and Leitner, R. and Leung, J. K. C. and Leung, K. Y. and Lewis, C. A. and Li, B. and Li, F. and Li, G. S. and Li, J. and Li, Q. J. and Li, S. F. and Li, W. D. and Li, X. B. and Li, X. N. and Li, X. Q. and Li, Y. and Li, Z. B. and Liang, H. and Liang, J. and Lin, C. J. and Lin, G. L. and Lin, S. K. and Lin, S. X. and Lin, Y. C. and Ling, J. J. and Link, J. M. and Littenberg, L. and Littlejohn, B. R. and Liu, B. J. and Liu, C. and Liu, D. W. and Liu, H. and Liu, J. C. and Liu, J. L. and Liu, S. and Liu, X. and Liu, Y. B. and Lu, C. and Lu, H. Q. and Luk, A. and Luk, K. B. and Luo, T. and Luo, X. L. and Ma, L. H. and Ma, Q. M. and Ma, X. B. and Ma, X. Y. and Ma, Y. Q. and Mayes, B. and McDonald, K. T. and McFarlane, M. C. and McKeown, R. D. and Meng, Y. and Mohapatra, D. and Morgan, J. E. and Nakajima, Y. and Napolitano, J. and Naumov, D. and Nemchenok, I. and Newsom, C. and Ngai, H. Y. and Ngai, W. K. and Nie, Y. B. and Ning, Z. and Ochoa-Ricoux, J. P. and Oh, D. and Olshevski, A. and Pagac, A. and Patton, S. and Pearson, C. and Pec, V. and Peng, J. C. and Piilonen, L. E. and Pinsky, L. and Pun, C. S. J. and Qi, F. Z. and Qi, M. and Qian, X. and Raper, N. and Rosero, R. and Roskovec, B. and Ruan, X. C. and Seilhan, B. and Shao, B. B. and Shih, K. and Steiner, H. and Stoler, P. and Sun, G. X. and Sun, J. L. and Tam, Y. H. and Tanaka, H. K. and Tang, X. and Themann, H. and Torun, Y. and Trentalange, S. and Tsai, O. and Tsang, K. V. and Tsang, R. H. M. and Tull, C. and Viren, B. and Virostek, S. and Vorobel, V. and Wang, C. H. and Wang, L. S. and Wang, L. Y. and Wang, L. Z. and Wang, M. and Wang, N. Y. and Wang, R. G. and Wang, T. and Wang, W. and Wang, X. and Wang, X. and Wang, Y. F. and Wang, Z. and Wang, Z. and Wang, Z. M. and Webber, D. M. and Wei, Y. D. and Wen, L. J. and Wenman, D. L. and Whisnant, K. and White, C. G. and Whitehead, L. and Whitten, C. A. and Wilhelmi, J. and Wise, T. and Wong, H. C. and Wong, H. L. H. and Wong, J. and Worcester, E. T. and Wu, F. F. and Wu, Q. and Xia, D. M. and Xiang, S. T. and Xiao, Q. and Xing, Z. Z. and Xu, G. and Xu, J. and Xu, J. and Xu, J. L. and Xu, W. and Xu, Y. and Xue, T. and Yang, C. G. and Yang, L. and Ye, M. and Yeh, M. and Yeh, Y. S. and Yip, K. and Young, B. L. and Yu, Z. Y. and Zhan, L. and Zhang, C. and Zhang, F. H. and Zhang, J. W. and Zhang, Q. M. and Zhang, K. and Zhang, Q. X. and Zhang, S. H. and Zhang, Y. C. and Zhang, Y. H. and Zhang, Y. X. and Zhang, Z. J. and Zhang, Z. P. and Zhang, Z. Y. and Zhao, J. and Zhao, Q. W. and Zhao, Y. B. and Zheng, L. and Zhong, W. L. and Zhou, L. and Zhou, Z. Y. and Zhuang, H. L. and Zou, J. H.},
	journal = {Phys. Rev. Lett.},
	volume = {108},
	issue = {17},
	pages = {171803},
	numpages = {7},
	year = {2012},
	month = {Apr},
	publisher = {American Physical Society},
	doi = {10.1103/PhysRevLett.108.171803},
	eprint = {https://link.aps.org/doi/10.1103/PhysRevLett.108.171803}
}

@article{reno_disc,
	title = {Observation of Reactor Electron Antineutrinos Disappearance in the RENO Experiment},
	author = {Ahn, J. K. and Chebotaryov, S. and Choi, J. H. and Choi, S. and Choi, W. and Choi, Y. and Jang, H. I. and Jang, J. S. and Jeon, E. J. and Jeong, I. S. and Joo, K. K. and Kim, B. R. and Kim, B. C. and Kim, H. S. and Kim, J. Y. and Kim, S. B. and Kim, S. H. and Kim, S. Y. and Kim, W. and Kim, Y. D. and Lee, J. and Lee, J. K. and Lim, I. T. and Ma, K. J. and Pac, M. Y. and Park, I. G. and Park, J. S. and Park, K. S. and Shin, J. W. and Siyeon, K. and Yang, B. S. and Yeo, I. S. and Yi, S. H. and Yu, I.},
	collaboration = {RENO Collaboration},
	journal = {Phys. Rev. Lett.},
	volume = {108},
	issue = {19},
	pages = {191802},
	numpages = {6},
	year = {2012},
	month = {May},
	publisher = {American Physical Society},
	doi = {10.1103/PhysRevLett.108.191802},
	eprint = {https://link.aps.org/doi/10.1103/PhysRevLett.108.191802}
}

@article{chooz_disc,
	title = "First measurement of θ13 from delayed neutron capture on hydrogen in the Double Chooz experiment",
	journal = "Physics Letters B",
	volume = "723",
	number = "1",
	pages = "66 - 70",
	year = "2013",
	issn = "0370-2693",
	doi = "https://doi.org/10.1016/j.physletb.2013.04.050",
	eprint = "http://www.sciencedirect.com/science/article/pii/S0370269313003390",
	author = "Y. Abe and C. Aberle and J.C. dos Anjos and J.C. Barriere and M. Bergevin and A. Bernstein and T.J.C. Bezerra and L. Bezrukhov and E. Blucher and N.S. Bowden and C. Buck and J. Busenitz and A. Cabrera and E. Caden and L. Camilleri and R. Carr and M. Cerrada and P.-J. Chang and P. Chimenti and T. Classen and A.P. Collin and E. Conover and J.M. Conrad and J.I. Crespo-Anadón and K. Crum and A. Cucoanes and E. Damon and J.V. Dawson and S. Dazeley and D. Dietrich and Z. Djurcic and M. Dracos and V. Durand and J. Ebert and Y. Efremenko and M. Elnimr and A. Erickson and A. Etenko and M. Fallot and M. Fechner and F. von Feilitzsch and J. Felde and S.M. Fernandes and V. Fischer and D. Franco and A.J. Franke and M. Franke and H. Furuta and R. Gama and I. Gil-Botella and L. Giot and M. Göger-Neff and L.F.G. Gonzalez and L. Goodenough and M.C. Goodman and J.TM. Goon and D. Greiner and N. Haag and S. Habib and C. Hagner and T. Hara and F.X. Hartmann and J. Haser and A. Hatzikoutelis and T. Hayakawa and M. Hofmann and G.A. Horton-Smith and A. Hoeprintier and M. Ishitsuka and J. Jochum and C. Jollet and C.L. Jones and F. Kaether and L.N. Kalousis and Y. Kamyshkov and D.M. Kaplan and T. Kawasaki and G. Keefer and E. Kemp and H. de Kerret and T. Konno and D. Kryn and M. Kuze and T. Lachenmaier and C.E. Lane and C. Langbrandtner and T. Lasserre and A. Letourneau and D. Lhuillier and H.P. Lima and M. Lindner and J.M. López-Castaño and J.M. LoSecco and B.K. Lubsandorzhiev and S. Lucht and D. McKee and J. Maeda and C.N. Maesano and C. Mariani and J. Maricic and J. Martino and T. Matsubara and G. Mention and A. Meregaglia and M. Meyer and T. Miletic and R. Milincic and H. Miyata and Th.A. Mueller and Y. Nagasaka and K. Nakajima and P. Novella and M. Obolensky and L. Oberauer and A. Onillon and A. Osborn and I. Ostrovskiy and C. Palomares and I.M. Pepe and S. Perasso and P. Perrin and P. Pfahler and A. Porta and W. Potzel and G. Pronost and J. Reichenbacher and B. Reinhold and A. Remoto and M. Röhling and R. Roncin and S. Roth and B. Rybolt and Y. Sakamoto and R. Santorelli and F. Sato and S. Schönert and S. Schoppmann and T. Schwetz and M.H. Shaevitz and S. Shimojima and D. Shrestha and J.-L. Sida and V. Sinev and M. Skorokhvatov and E. Smith and J. Spitz and A. Stahl and I. Stancu and L.F.F. Stokes and M. Strait and A. Stüken and F. Suekane and S. Sukhotin and T. Sumiyoshi and Y. Sun and R. Svoboda and K. Terao and A. Tonazzo and M. Toups and H.H. Trinh Thi and G. Valdiviesso and C. Veyssiere and S. Wagner and H. Watanabe and B. White and C. Wiebusch and L. Winslow and M. Worcester and M. Wurm and F. Yermia and V. Zimmer"
}

@article{minos_disc,
	title = {Electron Neutrino and Antineutrino Appearance in the Full MINOS Data Sample},
	author = {Adamson, P. and Anghel, I. and Backhouse, C. and Barr, G. and Bishai, M. and Blake, A. and Bock, G. J. and Bogert, D. and Cao, S. V. and Cherdack, D. and Childress, S. and Coelho, J. A. B. and Corwin, L. and Cronin-Hennessy, D. and de Jong, J. K. and Devan, A. V. and Devenish, N. E. and Diwan, M. V. and Escobar, C. O. and Evans, J. J. and Falk, E. and Feldman, G. J. and Frohne, M. V. and Gallagher, H. R. and Gomes, R. A. and Goodman, M. C. and Gouffon, P. and Graf, N. and Gran, R. and Grzelak, K. and Habig, A. and Hahn, S. R. and Hartnell, J. and Hatcher, R. and Himmel, A. and Holin, A. and Hylen, J. and Irwin, G. M. and Isvan, Z. and Jaffe, D. E. and James, C. and Jensen, D. and Kafka, T. and Kasahara, S. M. S. and Koizumi, G. and Kordosky, M. and Kreymer, A. and Lang, K. and Ling, J. and Litchfield, P. J. and Lucas, P. and Mann, W. A. and Marshak, M. L. and Mathis, M. and Mayer, N. and Medeiros, M. M. and Mehdiyev, R. and Meier, J. R. and Messier, M. D. and Michael, D. G. and Miller, W. H. and Mishra, S. R. and Moed Sher, S. and Moore, C. D. and Mualem, L. and Musser, J. and Naples, D. and Nelson, J. K. and Newman, H. B. and Nichol, R. J. and Nowak, J. A. and Ochoa-Ricoux, J. P. and O'Connor, J. and Oliver, W. P. and Orchanian, M. and Pahlka, R. B. and Paley, J. and Patterson, R. B. and Pawloski, G. and Phan-Budd, S. and Plunkett, R. K. and Qiu, X. and Radovic, A. and Rebel, B. and Rosenfeld, C. and Rubin, H. A. and Sanchez, M. C. and Schneps, J. and Schreckenberger, A. and Schreiner, P. and Sharma, R. and Sousa, A. and Tagg, N. and Talaga, R. L. and Thomas, J. and Thomson, M. A. and Tinti, G. and Toner, R. and Torretta, D. and Tzanakos, G. and Urheim, J. and Vahle, P. and Viren, B. and Weber, A. and Webb, R. C. and White, C. and Whitehead, L. and Wojcicki, S. G. and Yang, T. and Zwaska, R.},
	collaboration = {MINOS Collaboration},
	journal = {Phys. Rev. Lett.},
	volume = {110},
	issue = {17},
	pages = {171801},
	numpages = {6},
	year = {2013},
	month = {Apr},
	publisher = {American Physical Society},
	doi = {10.1103/PhysRevLett.110.171801},
	eprint = {https://link.aps.org/doi/10.1103/PhysRevLett.110.171801}
}


@article{t2k_disc,
	title = {Observation of Electron Neutrino Appearance in a Muon Neutrino Beam},
	author = {Abe, K. and Adam, J. and Aihara, H. and Akiri, T. and Andreopoulos, C. and Aoki, S. and Ariga, A. and Ariga, T. and Assylbekov, S. and Autiero, D. and Barbi, M. and Barker, G. J. and Barr, G. and Bass, M. and Batkiewicz, M. and Bay, F. and Bentham, S. W. and Berardi, V. and Berger, B. E. and Berkman, S. and Bertram, I. and Bhadra, S. and Blaszczyk, F. d. M. and Blondel, A. and Bojechko, C. and Bordoni, S. and Boyd, S. B. and Brailsford, D. and Bravar, A. and Bronner, C. and Buchanan, N. and Calland, R. G. and Caravaca Rodr\'{\i}guez, J. and Cartwright, S. L. and Castillo, R. and Catanesi, M. G. and Cervera, A. and Cherdack, D. and Christodoulou, G. and Clifton, A. and Coleman, J. and Coleman, S. J. and Collazuol, G. and Connolly, K. and Cremonesi, L. and Dabrowska, A. and Danko, I. and Das, R. and Davis, S. and de Perio, P. and De Rosa, G. and Dealtry, T. and Dennis, S. R. and Densham, C. and Di Lodovico, F. and Di Luise, S. and Drapier, O. and Duboyski, T. and Duffy, K. and Dufour, F. and Dumarchez, J. and Dytman, S. and Dziewiecki, M. and Emery, S. and Ereditato, A. and Escudero, L. and Finch, A. J. and Floetotto, L. and Friend, M. and Fujii, Y. and Fukuda, Y. and Furmanski, A. P. and Galymov, V. and Gaudin, A. and Giffin, S. and Giganti, C. and Gilje, K. and Goeldi, D. and Golan, T. and Gomez-Cadenas, J. J. and Gonin, M. and Grant, N. and Gudin, D. and Hadley, D. R. and Haesler, A. and Haigh, M. D. and Hamilton, P. and Hansen, D. and Hara, T. and Hartz, M. and Hasegawa, T. and Hastings, N. C. and Hayato, Y. and Hearty, C. and Helmer, R. L. and Hierholzer, M. and Hignight, J. and Hillairet, A. and Himmel, A. and Hiraki, T. and Hirota, S. and Holeczek, J. and Horikawa, S. and Huang, K. and Ichikawa, A. K. and Ieki, K. and Ieva, M. and Ikeda, M. and Imber, J. and Insler, J. and Irvine, T. J. and Ishida, T. and Ishii, T. and Ives, S. J. and Iyogi, K. and Izmaylov, A. and Jacob, A. and Jamieson, B. and Johnson, R. A. and Jo, J. H. and Jonsson, P. and Jung, C. K. and Kaboth, A. C. and Kajita, T. and Kakuno, H. and Kameda, J. and Kanazawa, Y. and Karlen, D. and Karpikov, I. and Kearns, E. and Khabibullin, M. and Khotjantsev, A. and Kielczewska, D. and Kikawa, T. and Kilinski, A. and Kim, J. and Kisiel, J. and Kitching, P. and Kobayashi, T. and Koch, L. and Kolaceke, A. and Konaka, A. and Kormos, L. L. and Korzenev, A. and Koseki, K. and Koshio, Y. and Kreslo, I. and Kropp, W. and Kubo, H. and Kudenko, Y. and Kumaratunga, S. and Kurjata, R. and Kutter, T. and Lagoda, J. and Laihem, K. and Lamont, I. and Laveder, M. and Lawe, M. and Lazos, M. and Lee, K. P. and Licciardi, C. and Lindner, T. and Lister, C. and Litchfield, R. P. and Longhin, A. and Ludovici, L. and Macaire, M. and Magaletti, L. and Mahn, K. and Malek, M. and Manly, S. and Marino, A. D. and Marteau, J. and Martin, J. F. and Maruyama, T. and Marzec, J. and Mathie, E. L. and Matveev, V. and Mavrokoridis, K. and Mazzucato, E. and McCarthy, M. and McCauley, N. and McFarland, K. S. and McGrew, C. and Metelko, C. and Mezzetto, M. and Mijakowski, P. and Miller, C. A. and Minamino, A. and Mineev, O. and Mine, S. and Missert, A. and Miura, M. and Monfregola, L. and Moriyama, S. and Mueller, Th. A. and Murakami, A. and Murdoch, M. and Murphy, S. and Myslik, J. and Nagasaki, T. and Nakadaira, T. and Nakahata, M. and Nakai, T. and Nakamura, K. and Nakayama, S. and Nakaya, T. and Nakayoshi, K. and Naples, D. and Nielsen, C. and Nirkko, M. and Nishikawa, K. and Nishimura, Y. and O'Keeffe, H. M. and Ohta, R. and Okumura, K. and Okusawa, T. and Oryszczak, W. and Oser, S. M. and Owen, R. A. and Oyama, Y. and Palladino, V. and Paolone, V. and Payne, D. and Pearce, G. F. and Perevozchikov, O. and Perkin, J. D. and Petrov, Y. and Pickard, L. J. and Pinzon Guerra, E. S. and Pistillo, C. and Plonski, P. and Poplawska, E. and Popov, B. and Posiadala, M. and Poutissou, J.-M. and Poutissou, R. and Przewlocki, P. and Quilain, B. and Radicioni, E. and Ratoff, P. N. and Ravonel, M. and Rayner, M. A. M. and Redij, A. and Reeves, M. and Reinherz-Aronis, E. and Retiere, F. and Robert, A. and Rodrigues, P. A. and Rojas, P. and Rondio, E. and Roth, S. and Rubbia, A. and Ruterbories, D. and Sacco, R. and Sakashita, K. and S\'anchez, F. and Sato, F. and Scantambeprinto, E. and Scholberg, K. and Schwehr, J. and Scott, M. and Seiya, Y. and Sekiguchi, T. and Sekiya, H. and Sgalaberna, D. and Shiozawa, M. and Short, S. and Shustrov, Y. and Sinclair, P. and Smith, B. and Smith, R. J. and Smy, M. and Sobczyk, J. T. and Sobel, H. and Sorel, M. and Southwell, L. and Stamoulis, P. and Steinmann, J. and Still, B. and Suda, Y. and Suzuki, A. and Suzuki, K. and Suzuki, S. Y. and Suzuki, Y. and Szeglowski, T. and Tacik, R. and Tada, M. and Takahashi, S. and Takeda, A. and Takeuchi, Y. and Tanaka, H. K. and Tanaka, H. A. and Tanaka, M. M. and Terhorst, D. and Terri, R. and Thompson, L. F. and Thorley, A. and Tobayama, S. and Toki, W. and Tomura, T. and Totsuka, Y. and Touramanis, C. and Tsukamoto, T. and Tzanov, M. and Uchida, Y. and Ueno, K. and Vacheret, A. and Vagins, M. and Vasseur, G. and Wachala, T. and Waldron, A. V. and Walter, C. W. and Wark, D. and Wascko, M. O. and Weber, A. and Wendell, R. and Wilkes, R. J. and Wilking, M. J. and Wilkinson, C. and Williamson, Z. and Wilson, J. R. and Wilson, R. J. and Wongjirad, T. and Yamada, Y. and Yamamoto, K. and Yanagisawa, C. and Yen, S. and Yershov, N. and Yokoyama, M. and Yuan, T. and Zalewska, A. and Zalipska, J. and Zambelli, L. and Zaremba, K. and Ziembicki, M. and Zimmerman, E. D. and Zito, M. and \ifmmode \dot{Z}\else \.{Z}\fi{}muda, J.},
	collaboration = {T2K Collaboration},
	journal = {Phys. Rev. Lett.},
	volume = {112},
	issue = {6},
	pages = {061802},
	numpages = {8},
	year = {2014},
	month = {Feb},
	publisher = {American Physical Society},
	doi = {10.1103/PhysRevLett.112.061802},
	eprint = {https://link.aps.org/doi/10.1103/PhysRevLett.112.061802}
}

@article{nova_disc,
	title = {First Measurement of Electron Neutrino Appearance in NOvA},
	author = {Adamson, P. and Ader, C. and Andrews, M. and Anfimov, N. and Anghel, I. and Arms, K. and Arrieta-Diaz, E. and Aurisano, A. and Ayres, D. S. and Backhouse, C. and Baird, M. and Bambah, B. A. and Bays, K. and Bernstein, R. and Betancourt, M. and Bhatnagar, V. and Bhuyan, B. and Bian, J. and Biery, K. and Blackburn, T. and Bocean, V. and Bogert, D. and Bolshakova, A. and Bowden, M. and Bower, C. and Broemmelsiek, D. and Bromberg, C. and Brunetti, G. and Bu, X. and Butkevich, A. and Capista, D. and Catano-Mur, E. and Chase, T. R. and Childress, S. and Choudhary, B. C. and Chowdhury, B. and Coan, T. E. and Coelho, J. A. B. and Colo, M. and Cooper, J. and Corwin, L. and Cronin-Hennessy, D. and Cunningham, A. and Davies, G. S. and Davies, J. P. and Del Tutto, M. and Derwent, P. F. and Deepthi, K. N. and Demuth, D. and Desai, S. and Deuerling, G. and Devan, A. and Dey, J. and Dharmapalan, R. and Ding, P. and Dixon, S. and Djurcic, Z. and Dukes, E. C. and Duyang, H. and Ehrlich, R. and Feldman, G. J. and Felt, N. and Fenyves, E. J. and Flumerfelt, E. and Foulkes, S. and Frank, M. J. and Freeman, W. and Gabrielyan, M. and Gallagher, H. R. and Gebhard, M. and Ghosh, T. and Gilbert, W. and Giri, A. and Goadhouse, S. and Gomes, R. A. and Goodenough, L. and Goodman, M. C. and Grichine, V. and Grossman, N. and Group, R. and Grudzinski, J. and Guarino, V. and Guo, B. and Habig, A. and Handler, T. and Hartnell, J. and Hatcher, R. and Hatzikoutelis, A. and Heller, K. and Howcroft, C. and Huang, J. and Huang, X. and Hylen, J. and Ishitsuka, M. and Jediny, F. and Jensen, C. and Jensen, D. and Johnson, C. and Jostlein, H. and Kafka, G. K. and Kamyshkov, Y. and Kasahara, S. M. S. and Kasetti, S. and Kephart, K. and Koizumi, G. and Kotelnikov, S. and Kourbanis, I. and Krahn, Z. and Kravtsov, V. and Kreymer, A. and Kulenberg, Ch. and Kumar, A. and Kutnink, T. and Kwarciancy, R. and Kwong, J. and Lang, K. and Lee, A. and Lee, W. M. and Lee, K. and Lein, S. and Liu, J. and Lokajicek, M. and Lozier, J. and Lu, Q. and Lucas, P. and Luchuk, S. and Lukens, P. and Lukhanin, G. and Magill, S. and Maan, K. and Mann, W. A. and Marshak, M. L. and Martens, M. and Martincik, J. and Mason, P. and Matera, K. and Mathis, M. and Matveev, V. and Mayer, N. and McCluskey, E. and Mehdiyev, R. and Merritt, H. and Messier, M. D. and Meyer, H. and Miao, T. and Michael, D. and Mikheyev, S. P. and Miller, W. H. and Mishra, S. R. and Mohanta, R. and Moren, A. and Mualem, L. and Muether, M. and Mufson, S. and Musser, J. and Newman, H. B. and Nelson, J. K. and Niner, E. and Norman, A. and Nowak, J. and Oksuzian, Y. and Olshevskiy, A. and Oliver, J. and Olson, T. and Paley, J. and Pandey, P. and Para, A. and Patterson, R. B. and Pawloski, G. and Pearson, N. and Perevalov, D. and Pershey, D. and Peterson, E. and Petti, R. and Phan-Budd, S. and Piccoli, L. and Pla-Dalmau, A. and Plunkett, R. K. and Poling, R. and Potukuchi, B. and Psihas, F. and Pushka, D. and Qiu, X. and Raddatz, N. and Radovic, A. and Rameika, R. A. and Ray, R. and Rebel, B. and Rechenmacher, R. and Reed, B. and Reilly, R. and Rocco, D. and Rodkin, D. and Ruddick, K. and Rusack, R. and Ryabov, V. and Sachdev, K. and Sahijpal, S. and Sahoo, H. and Samoylov, O. and Sanchez, M. C. and Saoulidou, N. and Schlabach, P. and Schneps, J. and Schroeter, R. and Sepulveda-Quiroz, J. and Shanahan, P. and Sherwood, B. and Sheshukov, A. and Singh, J. and Singh, V. and Smith, A. and Smith, D. and Smolik, J. and Solomey, N. and Sotnikov, A. and Sousa, A. and Soustruznik, K. and Stenkin, Y. and Strait, M. and Suter, L. and Talaga, R. L. and Tamsett, M. C. and Tariq, S. and Tas, P. and Tesarek, R. J. and Thayyullathil, R. B. and Thomsen, K. and Tian, X. and Tognini, S. C. and Toner, R. and Trevor, J. and Tzanakos, G. and Urheim, J. and Vahle, P. and Valerio, L. and Vinton, L. and Vrba, T. and Waldron, A. V. and Wang, B. and Wang, Z. and Weber, A. and Wehmann, A. and Whittington, D. and Wilcer, N. and Wildberger, R. and Wildman, D. and Williams, K. and Wojcicki, S. G. and Wood, K. and Xiao, M. and Xin, T. and Yadav, N. and Yang, S. and Zadorozhnyy, S. and Zalesak, J. and Zamorano, B. and Zhao, A. and Zirnstein, J. and Zwaska, R.},
	collaboration = {NOvA Collaboration},
	journal = {Phys. Rev. Lett.},
	volume = {116},
	issue = {15},
	pages = {151806},
	numpages = {7},
	year = {2016},
	month = {Apr},
	publisher = {American Physical Society},
	doi = {10.1103/PhysRevLett.116.151806},
	eprint = {https://link.aps.org/doi/10.1103/PhysRevLett.116.151806}
}



%%%%%%%%%%%%%%%
%% THEORY

@article{p1,
	author         = {Pontecorvo, B.},
	title          = {Neutrino Experiments and the Problem of Conservation of Leptonic Charge},
	journal        = {Sov. Phys. JETP},
	volume         = {26},
	year           = {1968},
	pages          = {984-988},
	note           = {[Zh. Eksp. Teor. Fiz.53,1717(1967)]},
	SLACcitation   = {%%CITATION = SPHJA,26,984;%%}
}

@article{p2,
	author         = {Pontecorvo, B.},
	title          = {Inverse beta processes and nonconservation of lepton charge},
	journal        = {Sov. Phys. JETP},
	volume         = {7},
	year           = {1958},
	pages          = {172-173},
	note           = {[Zh. Eksp. Teor. Fiz.34,247(1957)]},
	SLACcitation   = {%%CITATION = SPHJA,7,172;%%}
}

@article{mns,
	author = {Z. Maki and M. Nakagawa and S. Sakata},
	title = {Remarks on the Unified Model of Elementary Particles},
	journal = {Progress of Theoretical Physics},
	volume = {28},
	number = {5},
	pages = {870-880},
	year = {1962},
	doi = {10.1143/PTP.28.870},
	URL = {http://dx.doi.org/10.1143/PTP.28.870},
}

%%%%%%%%%%%%%%%%%%%%%%%%%%%%
%% Thesis
@phdthesis{thesis_pierre,
	author = {Pierre Lasorak},
	title = {A search for neutrino-induced single photons and measurement of oscillation analysis systematic errors with electron and anti-electron neutrino selections, using the off-axis near detector of the Tokai to Kamioka experiment},
	school = {Queen Mary's University of London},
	year = {2018}
}

@phdthesis{thesis_elder,
	author = {Elder Pinzon Guerra},
	school = {York University},
	year = {2018}
}

@phdthesis{na61_replica,
	author        = "Hasler, Alexis and Blondel, Alain",
	title         = "{T2K Replica Target Hadron Production Measurements in
	NA61/SHINE and T2K Neutrino Flux Predictions}",
	year          = "2015",
	reportNumber  = "CERN-THESIS-2015-103",
	eprint         = "https://cds.cern.ch/record/2039148",
	note          = "Presented 22 Jun 2015",
}

@phdthesis{thesis_tpc,
	author         = "Giganti, Claudio",
	title          = "{Particle Identification in the T2K TPCs and study of the
	electron neutrino component in the T2K neutrino beam}",
	school         = "IRFU, Saclay",
	year           = "2010",
	url            = "http://irfu.cea.fr/Documentation/Theses/recherche_theses.php",
	reportNumber   = "IRFU-10-06-T, IRFU-SPP-Saclay-09-2010, T2K-THESIS-005"
}

@phdthesis{thesis_christine,
	author         = "Nielsen, Christine",
	title          = "{Constraining the flux and cross section models using carbon and oxygen targets in the off-axis near detector for the 2016 joint oscillation analysis at T2K}",
	school         = "University of British Columbia",
	year           = "2017",
	url            = "http://www.t2k.org/docs/thesis/079/ubc-2017-thesis-cnielsen"
}

%%%%%%%%%%%%%%%%%%%%%%%%%%%%%%
%% Hardware
@article{micromegas_1,
	title = "Micromegas in a bulk",
	journal = "Nuclear Instruments and Methods in Physics Research Section A: Accelerators, Spectrometers, Detectors and Associated Equipment",
	volume = "560",
	number = "2",
	pages = "405 - 408",
	year = "2006",
	issn = "0168-9002",
	doi = "https://doi.org/10.1016/j.nima.2005.12.222",
	url = "http://www.sciencedirect.com/science/article/pii/S0168900205026501",
	author = "I. Giomataris and R. De Oliveira and S. Andriamonje and S. Aune and G. Charpak and P. Colas and G. Fanourakis and E. Ferrer and A. Giganon and Ph. Rebourgeard and P. Salin",
	keywords = "Micromegas, Bulk, Large area, Robust"
}

@article{micromegas_2,
	title = "MICROMEGAS: a high-granularity position-sensitive gaseous detector for high particle-flux environments",
	journal = "Nuclear Instruments and Methods in Physics Research Section A: Accelerators, Spectrometers, Detectors and Associated Equipment",
	volume = "376",
	number = "1",
	pages = "29 - 35",
	year = "1996",
	issn = "0168-9002",
	doi = "https://doi.org/10.1016/0168-9002(96)00175-1",
	url = "http://www.sciencedirect.com/science/article/pii/0168900296001751",
	author = "Y. Giomataris and Ph. Rebourgeard and J.P. Robert and G. Charpak"
}

@article{minerva_design,
	title = "Design, calibration, and performance of the MINERvA detector",
	journal = "Nuclear Instruments and Methods in Physics Research Section A: Accelerators, Spectrometers, Detectors and Associated Equipment",
	volume = "743",
	pages = "130 - 159",
	year = "2014",
	issn = "0168-9002",
	doi = "https://doi.org/10.1016/j.nima.2013.12.053",
	url = "http://www.sciencedirect.com/science/article/pii/S0168900214000035",
	author = "L. Aliaga and L. Bagby and B. Baldin and A. Baumbaugh and A. Bodek and R. Bradford and W.K. Brooks and D. Boehnlein and S. Boyd and H. Budd and A. Butkevich and D.A. Martinez Caicedo and C.M. Castromonte and M.E. Christy and J. Chvojka and H. da Motta and D.S. Damiani and I. Danko and M. Datta and R. DeMaat and J. Devan and E. Draeger and S.A. Dytman and G.A. Díaz and B. Eberly and D.A. Edmondson and J. Felix and L. Fields and G.A. Fiorentini and R.S. Flight and A.M. Gago and H. Gallagher and C.A. George and J.A. Gielata and C. Gingu and B. Gobbi and R. Gran and J. Grange and N. Grossman and D.A. Harris and J. Heaton and A. Higuera and J.A. Hobbs and I.J. Howley and K. Hurtado and M. Jerkins and T. Kafka and M.O. Kantner and C. Keppel and J. Kilmer and M. Kordosky and A.H. Krajeski and G.J. Kumbartzki and H. Lee and A.G. Leister and G. Locke and G. Maggi and E. Maher and S. Manly and W.A. Mann and C.M. Marshall and K.S. McFarland and C.L. McGivern and A.M. McGowan and A. Mislivec and J.G. Morfín and J. Mousseau and D. Naples and J.K. Nelson and G. Niculescu and I. Niculescu and C.D. O'Connor and N. Ochoa and J. Olsen and B. Osmanov and J. Osta and J.L. Palomino and V. Paolone and J. Park and G.N. Perdue and C. Peña and A. Pla-Dalmau and L. Rakotondravohitra and R.D. Ransome and H. Ray and L. Ren and P. Rubinov and C. Rude and K.E. Sassin and H. Schellman and D.W. Schmitz and R.M. Schneider and E.C. Schulte and C. Simon and F.D. Snider and M.C. Snyder and C.J. Solano Salinas and N. Tagg and B.G. Tice and R.N. Tilden and G. Tzanakos and J.P. Velásquez and T. Walton and A. Westerberg and J. Wolcott and B.A. Wolthuis and N. Woodward and T. Wytock and G. Zavala and H.B. Zeng and D. Zhang and L.Y. Zhu and B.P. Ziemer",
	keywords = "NuMI, MINERvA, Neutrinos, Cross-sections, Nuclear effects"
}

@article{k2k_design,
	title = "Detection of accelerator-produced neutrinos at a distance of 250 km",
	journal = "Physics Letters B",
	volume = "511",
	number = "2",
	pages = "178 - 184",
	year = "2001",
	issn = "0370-2693",
	doi = "https://doi.org/10.1016/S0370-2693(01)00647-5",
	url = "http://www.sciencedirect.com/science/article/pii/S0370269301006475",
	author = "S.H Ahn and S An and S Aoki and H.G Berns and H.C Bhang and S Boyd and D Casper and T Chikamatsu and J.H Choi and S Echigo and M Etoh and K Fujii and S Fukuda and Y Fukuda and W Gajewski and U Golebiewska and T Hara and T Hasegawa and Y Hayato and J Hill and S.J Hong and M Ieiri and T Inada and T Inagaki and T Ishida and H Ishii and T Ishii and H Ishino and M Ishitsuka and Y Itow and T Iwashita and H.I Jang and J.S Jang and E.J Jeon and E.M Jeong and C.K Jung and T Kadowaki and T Kajita and J Kameda and K Kaneyuki and I Kato and Y Kato and E Kearns and S Kenmochi and B.H Khang and A Kibayashi and D Kielczewska and B.J Kim and C.O Kim and H.I Kim and J.H Kim and J.Y Kim and S.B Kim and S Kishi and M Kitamura and K Kobayashi and T Kobayashi and Y Kobayashi and M Kohama and D.G Koo and Y Koshio and W Kropp and G Kume and E Kusano and J.G Learned and H.K Lee and J.W Lee and S.B Lee and I.T Lim and S.H Lim and H Maesaka and K Martens and T Maruyama and S Matsuno and C Mauger and C McGrew and M Minakawa and S Mine and M Miura and S Miyamoto and K Miyano and S Moriyama and S Mukai and M Nakahata and K Nakamura and M Nakamura and I Nakano and T Nakaya and S Nakayama and K Nakayoshi and K Nishijima and K Nishikawa and S Nishiyama and S Noda and H Noumi and Y Obayashi and J.K Oh and A Okada and M Onchi and T Otaki and Y Oyama and M.Y Pac and H Park and S.H Park and S.K Park and A Sakai and M Sakuda and N Sakurai and N Sasao and K Sato and K Scholberg and E Seo and E Sharkey and K Shiino and A Shima and M Shiozawa and H So and H Sobel and A Stachyra and J.L Stone and L.R Sulak and A Suzuki and Y Suzuki and Y Suzuki and M Takasaki and M Takatsuki and K Takenaka and H Takeuchi and Y Takeuchi and N Tamura and K.H Tanaka and Y Tanaka and K Tashiro and K Tauchi and T Toshito and Y Totsuka and V Tumakov and T Umeda and M Vagins and C.W Walter and R.J Wilkes and S Yamada and T Yamaguchi and Y Yamanoi and C Yanagisawa and H Yokoyama and H Yokoyama and J Yoo and M Yoshida and S.Y You"
}
%%%%%%%%%%%%%%%%%%%%%%%%%%%%
%%%% Cross-section section

%%% Generators
@article{neut,
	author    = {Yoshinari Hayato},
	title     = {A Neutrino Interaction Simulation Program Library NEUT},
	journal   = {Acta Physica Polonica B},
	volume	  = {40},
	number	  = {9},
	year      = {2009}
}

@article{genie,
	author = {C. Andreopoulos and others},
	title = {The GENIE Neutrino Monte Carlo Generator},
	journal = {Nucl. Instrum. Meth.},
	volume = {A},
	number = {614},
	year = {2010}
}


@article{nuwro,
	author = {T. Golan and J.T. Sobczyk and J. Zmuda},
	title = {NuWro: the Wroclaw Monte Carlo Generator of Neutrino Interactions},
	journal = {Nucl. Phys.},
	volume = {B},
	number = {229-232},
	pages = {499},
	year = {2012}
}

@article{pythia,
	title = {High-energy-physics event generation with PYTHIA 5.7 and JETSET 7.4},
	journal = {Computer Physics Communications},
	volume = {82},
	number = {1},
	pages = {74 - 89},
	year = {1994},
	note = {},
	issn = {0010-4655},
	doi = {http://dx.doi.org/10.1016/0010-4655(94)90132-5},
	eprint = {http://www.sciencedirect.com/science/article/pii/0010465594901325},
	author = {Torbjorn Sjostrand}
}

%%%%%%%%%%%%%%%%%%%%%%%%%%%%%%
%%% Theory
@article{coulomb1,
	title = {Approximate treatment of lepton distortion in charged-current neutrino scattering from nuclei},
	author = {J. Engel},
	journal = {Phys. Rev. C},
	volume = {57},
	issue = {4},
	pages = {2004--2009},
	numpages = {0},
	year = {1998},
	month = {Apr},
	publisher = {American Physical Society},
	doi = {10.1103/PhysRevC.57.2004},
	eprint = {https://link.aps.org/doi/10.1103/PhysRevC.57.2004}
}

@article{coulomb2,
	author = {Kim, K. S. and Cheoun, M. K. },
	title = {Final state interaction and Coulomb effect for neutrino‐nucleus scattering in the quasielastic region},
	journal = {AIP Conference Proceedings},
	volume = {1189},
	number = {1},
	pages = {163-168},
	year = {2009},
	doi = {10.1063/1.3274148},
}

@article{ccqe_tuning,
	title = {Testing charged current quasi-elastic and multinucleon interaction models in the NEUT neutrino interaction generator with published datasets from the MiniBooNE and MINER\ensuremath{\nu}A experiments},
	author = {Wilkinson, C. and Terri, R. and Andreopoulos, C. and Bercellie, A. and Bronner, C. and Cartwright, S. and de Perio, P. and Dobson, J. and Duffy, K. and Furmanski, A. P. and Haegel, L. and Hayato, Y. and Kaboth, A. and Mahn, K. and McFarland, K. S. and Nowak, J. and Redij, A. and Rodrigues, P. and S\'anchez, F. and Schwehr, J. D. and Sinclair, P. and Sobczyk, J. T. and Stamoulis, P. and Stowell, P. and Tacik, R. and Thompson, L. and Tobayama, S. and Wascko, M. O. and \ifmmode \dot{Z}\else \.{Z}\fi{}muda, J.},
	journal = {Phys. Rev. D},
	volume = {93},
	issue = {7},
	pages = {072010},
	numpages = {19},
	year = {2016},
	month = {Apr},
	publisher = {American Physical Society},
	doi = {10.1103/PhysRevD.93.072010},
	eprint = {https://link.aps.org/doi/10.1103/PhysRevD.93.072010}
}


@article{lfg,
	author="Amaro, J. E.
	and Maieron, C.
	and Nieves, J.
	and Valverde, M.",
	title="Equivalence between local Fermi gas and shell models in inclusive muon capture from nuclei",
	journal="The European Physical Journal A - Hadrons and Nuclei",
	year="2005",
	month="Jun",
	day="01",
	volume="24",
	number="3",
	pages="343--353",
	abstract="Motivated by recent studies of inclusive neutrino nucleus processes and muon capture within a correlated local Fermi gas model (LFG), we discuss the relevance of nuclear finite-size effects in these reactions at low energy, in particular for muon capture. To disentangle these effects from others coming from the reaction dynamics we employ here a simple uncorrelated shell model that embodies the typical finite-size content of the problem. The integrated decay widths of muon atoms calculated with this shell model are then compared for several nuclei with those obtained within the uncorrelated LFG, using in both models exactly the same theoretical ingredients and parameters. We find that the two predictions are in quite good agreement, within 1-7{\%}, when the shell model density and the correct energy balance is used as input in the LFG calculation. The present study indicates that, despite the low excitation energies involved in the reaction, integrated inclusive observables, like the total muon capture width, are quite independent of the fine details of the nuclear wave functions.",
	issn="1434-601X",
	doi="10.1140/epja/i2005-10034-2",
	eprint="https://doi.org/10.1140/epja/i2005-10034-2"
}


@article{benhar,
	title = {Two-nucleon spectral function in infinite nuclear matter},
	author = {Benhar, Omar and Fabrocini, Adelchi},
	journal = {Phys. Rev. C},
	volume = {62},
	issue = {3},
	pages = {034304},
	numpages = {8},
	year = {2000},
	month = {Aug},
	publisher = {American Physical Society},
	doi = {10.1103/PhysRevC.62.034304},
	eprint = {https://link.aps.org/doi/10.1103/PhysRevC.62.034304}
}


@article{nieves1,
	title = {Inclusive charged-current neutrino-nucleus reactions},
	author = {Nieves, J. and Simo, I. Ruiz and Vacas, M. J. Vicente},
	journal = {Phys. Rev. C},
	volume = {83},
	issue = {4},
	pages = {045501},
	numpages = {19},
	year = {2011},
	month = {Apr},
	publisher = {American Physical Society},
	doi = {10.1103/PhysRevC.83.045501},
	eprint = {https://link.aps.org/doi/10.1103/PhysRevC.83.045501}
}

@article{nieves2,
title = {Neutrino-nucleus quasi-elastic and 2p2h interactions up to 10 GeV},
author = {Gran, R. and Nieves, J. and Sanchez, F. and Vacas, M. J. Vicente},
journal = {Phys. Rev. D},
volume = {88},
issue = {11},
pages = {113007},
numpages = {10},
year = {2013},
month = {Dec},
publisher = {American Physical Society},
doi = {10.1103/PhysRevD.88.113007},
eprint = {https://link.aps.org/doi/10.1103/PhysRevD.88.113007}
}

@article{llewelyn-smith,
	title = "Neutrino reactions at accelerator energies",
	journal = "Physics Reports",
	volume = "3",
	number = "5",
	pages = "261 - 379",
	year = "1972",
	issn = "0370-1573",
	doi = "https://doi.org/10.1016/0370-1573(72)90010-5",
	eprint = "http://www.sciencedirect.com/science/article/pii/0370157372900105",
	author = "C.H. Llewellyn Smith"
}

@article{bbba05,
title = "A New Parameterization of the Nucleon Elastic Form Factors",
journal = "Nuclear Physics B - Proceedings Supplements",
volume = "159",
pages = "127 - 132",
year = "2006",
note = "Proceedings of the 4th International Workshop on Neutrino-Nucleus Interactions in the Few-GeV Region",
issn = "0920-5632",
doi = "https://doi.org/10.1016/j.nuclphysbps.2006.08.028",
eprint = "http://www.sciencedirect.com/science/article/pii/S0920563206005184",
author = "R. Bradford and A. Bodek and H. Budd and J. Arrington"
}

@article{Smith-Moniz,
	title = "Neutrino reactions on nuclear targets",
	journal = "Nuclear Physics B",
	volume = "43",
	pages = "605 - 622",
	year = "1972",
	issn = "0550-3213",
	doi = "https://doi.org/10.1016/0550-3213(72)90040-5",
	eprint = "http://www.sciencedirect.com/science/article/pii/0550321372900405",
	author = "R.A. Smith and E.J. Moniz"
}

@article{salcedo_oset,
title = "Computer simulation of inclusive pion nuclear reactions",
journal = "Nuclear Physics A",
volume = "484",
number = "3",
pages = "557 - 592",
year = "1988",
issn = "0375-9474",
doi = "https://doi.org/10.1016/0375-9474(88)90310-7",
eprint = "http://www.sciencedirect.com/science/article/pii/0375947488903107",
author = "L.L. Salcedo and E. Oset and M.J. Vicente-Vacas and C. Garcia-Recio"
}

@article{pion_scattering,
	title = {Energy-dependent phase shift analysis of pion-nucleon scattering below 400 MeV},
	author = {Rowe, Glenn and Salomon, Martin and Landau, Rubin H.},
	journal = {Phys. Rev. C},
	volume = {18},
	issue = {1},
	pages = {584--589},
	numpages = {0},
	year = {1978},
	month = {Jul},
	publisher = {American Physical Society},
	doi = {10.1103/PhysRevC.18.584},
	eprint = {https://link.aps.org/doi/10.1103/PhysRevC.18.584}
	}
	

@article{seki,
title = {Unified analysis of pionic atoms and low-energy pion-nucleus scattering: Phenomenological analysis},
author = {Seki, R. and Masutani, K.},
journal = {Phys. Rev. C},
volume = {27},
issue = {6},
pages = {2799--2816},
numpages = {0},
year = {1983},
month = {Jun},
publisher = {American Physical Society},
doi = {10.1103/PhysRevC.27.2799},
eprint = {https://link.aps.org/doi/10.1103/PhysRevC.27.2799}
}


@article{grv98,
author="Gl{\"u}ck, M.
and Reya, E.
and Vogt, A.",
title="Dynamical parton distributions revisited",
journal="The European Physical Journal C - Particles and Fields",
year="1998",
month="Sep",
day="01",
volume="5",
number="3",
pages="461--470",
abstract="Dynamical parton densities, generated radiatively from valence-like inputs at some low resolution scale, are confronted with recent small-x data on deep inelastic and other hard scattering processes. It is shown that within theoretical uncertainties our previous (1994) dynamical/radiative parton distributions are compatible with most recent data and still applicable within the restricted accuracy margins of the presently available next-to-leading order calculations. Due to recent high precision measurements we also present an updated, more accurate, version of our (valence-like) dynamical input distributions. Furthermore, our perturbatively stable parameter-free dynamical predictions are extended to the extremely small-x region,                   {\$}10^{\{}-8{\}} {\backslash}lesssim x {\backslash}lesssim 10^{\{}-5{\}}{\$}                , relevant to questions concerning ultra-high-energy cosmic ray and neutrino astronomy.",
issn="1434-6052",
doi="10.1007/s100529800978",
eprint="https://doi.org/10.1007/s100529800978"
}


@article{bodek_yang,
author = {Bodek,A.  and Yang,U. K. },
title = {Modeling Neutrino and Electron Scattering Cross Sections in the Few GeV Region with Effective LO PDFs},
journal = {AIP Conference Proceedings},
volume = {670},
number = {1},
pages = {110-117},
year = {2003},
doi = {10.1063/1.1594324},

URL = {https://aip.scitation.org/doi/abs/10.1063/1.1594324},
eprint = {https://aip.scitation.org/doi/pdf/10.1063/1.1594324}

}


@article{Rein_Sehgal_coh,
	title = "Coherent $\pi^0$ production in neutrino reactions",
	journal = "Nuclear Physics B",
	volume = "223",
	number = "1",
	pages = "29 - 44",
	year = "1983",
	issn = "0550-3213",
	doi = "https://doi.org/10.1016/0550-3213(83)90090-1",
	eprint = "http://www.sciencedirect.com/science/article/pii/0550321383900901",
	author = "Dieter Rein and Lalit M. Sehgal"
}

@article{Berger_Sehgal_coh,
title = {Partially conserved axial vector current and coherent pion production by low energy neutrinos},
author = {Berger, Ch. and Sehgal, L. M.},
journal = {Phys. Rev. D},
volume = {79},
issue = {5},
pages = {053003},
numpages = {6},
year = {2009},
month = {Mar},
publisher = {American Physical Society},
doi = {10.1103/PhysRevD.79.053003},
eprint = {https://link.aps.org/doi/10.1103/PhysRevD.79.053003}
}


@article{Adler,
title = "Photo-, electro-, and weak single-pion production in the (3,3) resonance region",
journal = "Annals of Physics",
volume = "50",
number = "2",
pages = "189 - 311",
year = "1968",
issn = "0003-4916",
doi = "https://doi.org/10.1016/0003-4916(68)90278-9",
eprint = "http://www.sciencedirect.com/science/article/pii/0003491668902789",
author = "Stephen L Adler"
}

@article{Wroclaw_CC1pi_2014,
	title = {Electroweak form factors of the $\mathrm{\ensuremath{\Delta}}(1232)$ resonance},
	author = {Graczyk, Krzysztof M. and \ifmmode \dot{Z}\else \.{Z}\fi{}muda, Jakub and Sobczyk, Jan T.},
	journal = {Phys. Rev. D},
	volume = {90},
	issue = {9},
	pages = {093001},
	numpages = {11},
	year = {2014},
	month = {Nov},
	publisher = {American Physical Society},
	doi = {10.1103/PhysRevD.90.093001},
	eprint = {https://link.aps.org/doi/10.1103/PhysRevD.90.093001}
	}
	

@article{Wroclaw_CC1pi_2009,
	title = {${C}_{5}^{A}$ axial form factor from bubble chamber experiments},
	author = {Graczyk, K. M. and Kie\l{}czewska, D. and Przew\l{}ocki, P. and Sobczyk, J. T.},
	journal = {Phys. Rev. D},
	volume = {80},
	issue = {9},
	pages = {093001},
	numpages = {14},
	year = {2009},
	month = {Nov},
	publisher = {American Physical Society},
	doi = {10.1103/PhysRevD.80.093001},
	eprint = {https://link.aps.org/doi/10.1103/PhysRevD.80.093001}
	}
	

@article{Wroclaw_CC1pi_theory,
title = {Form factors in the quark resonance model},
author = {Graczyk, Krzysztof M. and Sobczyk, Jan T.},
journal = {Phys. Rev. D},
volume = {77},
issue = {5},
pages = {053001},
numpages = {12},
year = {2008},
month = {Mar},
publisher = {American Physical Society},
doi = {10.1103/PhysRevD.77.053001},
eprint = {https://link.aps.org/doi/10.1103/PhysRevD.77.053001}
}


@article{Berger_Sehgal_MassEffect,
title = {Lepton mass effects in single pion production by neutrinos},
author = {Berger, Ch. and Sehgal, L. M.},
journal = {Phys. Rev. D},
volume = {76},
issue = {11},
pages = {113004},
numpages = {8},
year = {2007},
month = {Dec},
publisher = {American Physical Society},
doi = {10.1103/PhysRevD.76.113004},
eprint = {https://link.aps.org/doi/10.1103/PhysRevD.76.113004}
}


@article{Wroclaw_MassEffect,
title = {Lepton mass effects in weak charged current single pion production},
author = {Graczyk, Krzysztof M. and Sobczyk, Jan T.},
journal = {Phys. Rev. D},
volume = {77},
issue = {5},
pages = {053003},
numpages = {7},
year = {2008},
month = {Mar},
publisher = {American Physical Society},
doi = {10.1103/PhysRevD.77.053003},
eprint = {https://link.aps.org/doi/10.1103/PhysRevD.77.053003}
}


@article{Kuzmin_MassEffect,
title = "Extended Rein–Sehgal model for tau lepton production",
journal = "Nuclear Physics B - Proceedings Supplements",
volume = "139",
pages = "158 - 161",
year = "2005",
note = "Proceedings of the Third International Workshop on Neutrino-Nucleus Interactions in the Few-GeV Region",
issn = "0920-5632",
doi = "https://doi.org/10.1016/j.nuclphysbps.2004.11.213",
eprint = "http://www.sciencedirect.com/science/article/pii/S0920563204007820",
author = "Konstantin S. Kuzmin and Vladimir V. Lyubushkin and Vadim A. Naumov"
}

@article{Rein_Sehgal,
title = "Neutrino-excitation of baryon resonances and single pion production",
journal = "Annals of Physics",
volume = "133",
number = "1",
pages = "79 - 153",
year = "1981",
issn = "0003-4916",
doi = "https://doi.org/10.1016/0003-4916(81)90242-6",
eprint = "http://www.sciencedirect.com/science/article/pii/0003491681902426",
author = "Dieter Rein and Lalit M Sehgal"
}

@article{Rein_Angular,
author="Rein, D.",
title="Angular distribution in neutrino-induced single pion production processes",
journal="Zeitschrift f{\"u}r Physik C Particles and Fields",
year="1987",
month="Mar",
day="01",
volume="35",
number="1",
pages="43--64",
issn="1431-5858",
doi="10.1007/BF01561054",
eprint="https://doi.org/10.1007/BF01561054"
}

@article{nc1gamma,
title = {Photon emission in neutral current interactions at the T2K experiment},
author = {Wang, E. and Alvarez-Ruso, L. and Hayato, Y. and Mahn, K. and Nieves, J.},
journal = {Phys. Rev. D},
volume = {92},
issue = {5},
pages = {053005},
numpages = {8},
year = {2015},
month = {Sep},
publisher = {American Physical Society},
doi = {10.1103/PhysRevD.92.053005},
eprint = {https://link.aps.org/doi/10.1103/PhysRevD.92.053005}
}


@article{kevin_nue_numu,
title = {Differences in quasielastic cross sections of muon and electron neutrinos},
author = {Day, Melanie and McFarland, Kevin S.},
journal = {Phys. Rev. D},
volume = {86},
issue = {5},
pages = {053003},
numpages = {8},
year = {2012},
month = {Sep},
publisher = {American Physical Society},
doi = {10.1103/PhysRevD.86.053003},
eprint = {https://link.aps.org/doi/10.1103/PhysRevD.86.053003}
}


@article{maqe_fit,
author={Véronique Bernard and Latifa Elouadrhiri and Ulf-G Meißner},
title={Axial structure of the nucleon},
journal={Journal of Physics G: Nuclear and Particle Physics},
volume={28},
number={1},
pages={R1},
eprint={http://stacks.iop.org/0954-3899/28/i=1/a=201},
year={2002}
}


%%%%%%%%%%%%%%%%%%
%%% EXPERIMENTS
@article{ANL_CCQE1,
title = {Study of $\ensuremath{\nu}d\ensuremath{\rightarrow}{\ensuremath{\mu}}^{\ensuremath{-}}p{p}_{s}$ and $\ensuremath{\nu}d\ensuremath{\rightarrow}{\ensuremath{\mu}}^{\ensuremath{-}}{\ensuremath{\Delta}}^{++}(1232){n}_{s}$ using the BNL 7-foot deuterium-filled bubble chamber},
author = {Kitagaki, T. and Yuta, H. and Tanaka, S. and Yamaguchi, A. and Abe, K. and Hasegawa, K. and Tamai, K. and Sagawa, H. and Akatsuka, K. and Furuno, K. and Tamae, K. and Higuchi, M. and Sato, M. and Kahn, S. A. and Murtagh, M. J. and Palmer, R. B. and Samios, N. P. and Tanaka, M.},
journal = {Phys. Rev. D},
volume = {42},
issue = {5},
pages = {1331--1338},
numpages = {0},
year = {1990},
month = {Sep},
publisher = {American Physical Society},
doi = {10.1103/PhysRevD.42.1331},
eprint = {https://link.aps.org/doi/10.1103/PhysRevD.42.1331}
}


@article{ANL_CCQE2,
title = {Study of neutrino interactions in hydrogen and deuterium: Description of the experiment and study of the reaction $\ensuremath{\nu}+d\ensuremath{\rightarrow}{\ensuremath{\mu}}^{\ensuremath{-}}+p+{p}_{s}$},
author = {Barish, S. J. and Campbell, J. and Charlton, G. and Cho, Y. and Derrick, M. and Engelmann, R. and Hyman, L. G. and Jankowski, D. and Mann, A. and Musgrave, B. and Schreiner, P. and Schultz, P. F. and Singer, R. and Szczekowski, M. and Wangler, T. and Yuta, H. and Barnes, V. E. and Carmony, D. D. and Garfinkel, A. F. and Radecky, G. M.},
journal = {Phys. Rev. D},
volume = {16},
issue = {11},
pages = {3103--3121},
numpages = {0},
year = {1977},
month = {Dec},
publisher = {American Physical Society},
doi = {10.1103/PhysRevD.16.3103},
eprint = {https://link.aps.org/doi/10.1103/PhysRevD.16.3103}
}


@article{BNL_CCQE,
	title = {Quasielastic neutrino scattering: A measurement of the weak nucleon axial-vector form factor},
	author = {Baker, N. J. and Cnops, A. M. and Connolly, P. L. and Kahn, S. A. and Kirk, H. G. and Murtagh, M. J. and Palmer, R. B. and Samios, N. P. and Tanaka, M.},
	journal = {Phys. Rev. D},
	volume = {23},
	issue = {11},
	pages = {2499--2505},
	numpages = {0},
	year = {1981},
	month = {Jun},
	publisher = {American Physical Society},
	doi = {10.1103/PhysRevD.23.2499},
	eprint = {https://link.aps.org/doi/10.1103/PhysRevD.23.2499}
}

@article{ANL_CC1pi,
title = {Study of single-pion production by weak charged currents in low-energy $\ensuremath{\nu}d$ interactions},
author = {Radecky, G. M. and Barnes, V. E. and Carmony, D. D. and Garfinkel, A. F. and Derrick, M. and Fernandez, E. and Hyman, L. and Levman, G. and Koetke, D. and Musgrave, B. and Schreiner, P. and Singer, R. and Snyder, A. and Toaff, S. and Barish, S. J. and Engler, A. and Kraemer, R. W. and Miller, K. and Stacey, B. J. and Ammar, R. and Coppage, D. and Day, D. and Davis, R. and Kwak, N. and Stump, R.},
journal = {Phys. Rev. D},
volume = {25},
issue = {5},
pages = {1161--1173},
numpages = {0},
year = {1982},
month = {Mar},
publisher = {American Physical Society},
doi = {10.1103/PhysRevD.25.1161},
eprint = {https://link.aps.org/doi/10.1103/PhysRevD.25.1161}
}


@article{ANL_NC1pi,
title = {Study of single-pion production by weak neutral currents in low-energy $\ensuremath{\nu}d$ interactions},
author = {Derrick, M. and Fernandez, E. and Hyman, L. and Levman, G. and Koetke, D. and Musgrave, B. and Schreiner, P. and Singer, R. and Snyder, A. and Toaff, S. and Barish, S. J. and Engler, A. and Kraemer, R. W. and Stacey, B. J. and Ammar, R. and Coppage, D. and Day, D. and Davis, R. and Kwak, N. and Stump, R. and Barnes, V. E. and Carmony, D. D. and Garfinkel, A. F. and Radecky, G. M.},
journal = {Phys. Rev. D},
volume = {23},
issue = {3},
pages = {569--575},
numpages = {0},
year = {1981},
month = {Feb},
publisher = {American Physical Society},
doi = {10.1103/PhysRevD.23.569},
eprint = {https://link.aps.org/doi/10.1103/PhysRevD.23.569}
}


@article{BNL_CC1pi,
title = {Charged-current exclusive pion production in neutrino-deuterium interactions},
author = {Kitagaki, T. and Yuta, H. and Tanaka, S. and Yamaguchi, A. and Abe, K. and Hasegawa, K. and Tamai, K. and Kunori, S. and Otani, Y. and Hayano, H. and Sagawa, H. and Akatsuka, K. and Furuno, K. and Baker, N. J. and Cnops, A. M. and Connolly, P. L. and Kahn, S. A. and Kirk, H. G. and Murtagh, M. J. and Palmer, R. B. and Samios, N. P. and Tanaka, M. and Higuchi, M. and Sato, M.},
journal = {Phys. Rev. D},
volume = {34},
issue = {9},
pages = {2554--2565},
numpages = {0},
year = {1986},
month = {Nov},
publisher = {American Physical Society},
doi = {10.1103/PhysRevD.34.2554},
eprint = {https://link.aps.org/doi/10.1103/PhysRevD.34.2554}
}


@article{BNL_CC1pi_isospin,
title = {Study of the isospin structure of single-pion production in charged-current neutrino interactions},
author = {Baker, N. J. and Cnops, A. M. and Connolly, P. L. and Kahn, S. A. and Murtagh, M. J. and Palmer, R. B. and Samios, N. P. and Tanaka, M.},
journal = {Phys. Rev. D},
volume = {23},
issue = {11},
pages = {2495--2498},
numpages = {0},
year = {1981},
month = {Jun},
publisher = {American Physical Society},
doi = {10.1103/PhysRevD.23.2495},
eprint = {https://link.aps.org/doi/10.1103/PhysRevD.23.2495}
}

@article{BNL_NuInt02,
	title = {BNL 7-foot Bubble Chamber Experiment -- Neutrino Deuterium Interactions},
	journal = {NuInt02 proc.},
	volume = {KEK Preprint 2003-48},
	number = {},
	pages = {},
	year = {2003},
	note = {},
	issn = {},
	doi = {},
	author = {K. Furuno}
}

@article{MIN_CC1pi0,
title = "Single neutral pion production by charged-current ν¯μ interactions on hydrocarbon at 〈Eν〉=3.6 GeV",
journal = "Physics Letters B",
volume = "749",
pages = "130 - 136",
year = "2015",
issn = "0370-2693",
doi = "https://doi.org/10.1016/j.physletb.2015.07.039",
eprint = "http://www.sciencedirect.com/science/article/pii/S0370269315005493",
author = "T. Le and J.L. Palomino and L. Aliaga and O. Altinok and A. Bercellie and A. Bodek and A. Bravar and W.K. Brooks and A. Butkevich and D.A. Martinez Caicedo and M.F. Carneiro and M.E. Christy and J. Chvojka and H. da Motta and J. Devan and S.A. Dytman and G.A. Díaz and B. Eberly and J. Felix and L. Fields and R. Fine and A.M. Gago and H. Gallagher and R. Gran and D.A. Harris and A. Higuera and K. Hurtado and M. Kordosky and E. Maher and S. Manly and W.A. Mann and C.M. Marshall and K.S. McFarland and C.L. McGivern and A.M. McGowan and J. Miller and J.G. Morfín and J. Mousseau and J.K. Nelson and A. Norrick and J. Osta and V. Paolone and J. Park and C.E. Patrick and G.N. Perdue and L. Rakotondravohitra and R.D. Ransome and H. Ray and L. Ren and P.A. Rodrigues and D. Ruterbories and H. Schellman and D.W. Schmitz and J.T. Sobczyk and C.J. Solano Salinas and N. Tagg and B.G. Tice and E. Valencia and T. Walton and J. Wolcott and H. Yepes-Ramirez and G. Zavala and D. Zhang and B.P. Ziemer",
keywords = "Neutrino-nucleus scattering, Final state interaction"
}

@article{MIN_CC1pip,
title = {Charged pion production in ${\ensuremath{\nu}}_{\ensuremath{\mu}}$ interactions on hydrocarbon at $⟨{E}_{\ensuremath{\nu}}⟩=4.0\text{ }\text{ }\mathrm{GeV}$},
author = {Eberly, B. and Aliaga, L. and Altinok, O. and Barrios Sazo, M. G. and Bellantoni, L. and Betancourt, M. and Bodek, A. and Bravar, A. and Budd, H. and Bustamante, M. J. and Butkevich, A. and Martinez Caicedo, D. A. and Carneiro, M. F. and Christy, M. E. and Chvojka, J. and da Motta, H. and Datta, M. and Devan, J. and D\'{\i}az, G. A. and Dytman, S. A. and Felix, J. and Fields, L. and Fine, R. and Fiorentini, G. A. and Gago, A. M. and Galindo, R. and Gallagher, H. and Golan, T. and Gran, R. and Harris, D. A. and Higuera, A. and Hurtado, K. and Kafka, T. and Kleykamp, J. and Kordosky, M. and Le, T. and Maher, E. and Manly, S. and Mann, W. A. and Marshall, C. M. and McFarland, K. S. and McGivern, C. L. and McGowan, A. M. and Messerly, B. and Miller, J. and Mislivec, A. and Morf\'{\i}n, J. G. and Mousseau, J. and Muhlbeier, T. and Naples, D. and Nelson, J. K. and Norrick, A. and Osta, J. and Palomino, J. L. and Paolone, V. and Park, J. and Patrick, C. E. and Perdue, G. N. and Rakotondravohitra, L. and Ramirez, M. A. and Ransome, R. D. and Ray, H. and Ren, L. and Rodrigues, P. A. and Ruterbories, D. and Salazar, G. and Schellman, H. and Schmitz, D. W. and Simon, C. and Sobczyk, J. T. and Solano Salinas, C. J. and Tagg, N. and Tice, B. G. and Valencia, E. and Walton, T. and Wolcott, J. and Wospakrik, M. and Zavala, G. and Zegarra, A. and Zhang, D. and Ziemer, B. P.},
collaboration = {MINERvA Collaboration},
journal = {Phys. Rev. D},
volume = {92},
issue = {9},
pages = {092008},
numpages = {20},
year = {2015},
month = {Nov},
publisher = {American Physical Society},
doi = {10.1103/PhysRevD.92.092008},
eprint = {https://link.aps.org/doi/10.1103/PhysRevD.92.092008}
}


@article{MIN_pion_2016,
title = {Cross sections for ${\ensuremath{\nu}}_{\ensuremath{\mu}}$ and ${\overline{\ensuremath{\nu}}}_{\ensuremath{\mu}}$ induced pion production on hydrocarbon in the few-GeV region using MINERvA},
author = {McGivern, C. L. and Le, T. and Eberly, B. and Aliaga, L. and Altinok, O. and Bellantoni, L. and Bercellie, A. and Betancourt, M. and Bodek, A. and Bravar, A. and Budd, H. and Cai, T. and Carneiro, M. F. and Christy, M. E. and da Motta, H. and Dytman, S. A. and D\'{\i}az, G. A. and Endress, E. and Felix, J. and Fields, L. and Fine, R. and Galindo, R. and Gallagher, H. and Golan, T. and Gran, R. and Harris, D. A. and Higuera, A. and Hurtado, K. and Kiveni, M. and Kleykamp, J. and Kordosky, M. and Maher, E. and Manly, S. and Mann, W. A. and Marshall, C. M. and Martinez Caicedo, D. A. and McFarland, K. S. and McGowan, A. M. and Messerly, B. and Miller, J. and Mislivec, A. and Morf\'{\i}n, J. G. and Mousseau, J. and Naples, D. and Nelson, J. K. and Norrick, A. and Nuruzzaman and Paolone, V. and Park, J. and Patrick, C. E. and Perdue, G. N. and Rakotondravohitra, L. and Ramirez, M. A. and Ransome, R. D. and Ray, H. and Ren, L. and Rimal, D. and Rodrigues, P. A. and Ruterbories, D. and Schellman, H. and Schmitz, D. W. and Simon, C. and Solano Salinas, C. J. and S\'anchez Falero, S. and Tice, B. G. and Valencia, E. and Walton, T. and Wolcott, J. and Wospakrik, M. and Zhang, D.},
collaboration = {MINERvA Collaboration},
journal = {Phys. Rev. D},
volume = {94},
issue = {5},
pages = {052005},
numpages = {18},
year = {2016},
month = {Sep},
publisher = {American Physical Society},
doi = {10.1103/PhysRevD.94.052005},
eprint = {https://link.aps.org/doi/10.1103/PhysRevD.94.052005}
}


@article{MB_CC1pip,
title = {Measurement of neutrino-induced charged-current charged pion production cross sections on mineral oil at ${E}_{\ensuremath{\nu}}\ensuremath{\sim}1\text{ }\text{ }\mathrm{GeV}$},
author = {Aguilar-Arevalo, A. A. and Anderson, C. E. and Bazarko, A. O. and Brice, S. J. and Brown, B. C. and Bugel, L. and Cao, J. and Coney, L. and Conrad, J. M. and Cox, D. C. and Curioni, A. and Dharmapalan, R. and Djurcic, Z. and Finley, D. A. and Fleming, B. T. and Ford, R. and Garcia, F. G. and Garvey, G. T. and Grange, J. and Green, C. and Green, J. A. and Hart, T. L. and Hawker, E. and Imlay, R. and Johnson, R. A. and Karagiorgi, G. and Kasper, P. and Katori, T. and Kobilarcik, T. and Kourbanis, I. and Koutsoliotas, S. and Laird, E. M. and Linden, S. K. and Link, J. M. and Liu, Y. and Liu, Y. and Louis, W. C. and Mahn, K. B. M. and Marsh, W. and Mauger, C. and McGary, V. T. and McGregor, G. and Metcalf, W. and Meyers, P. D. and Mills, F. and Mills, G. B. and Monroe, J. and Moore, C. D. and Mousseau, J. and Nelson, R. H. and Nienaber, P. and Nowak, J. A. and Osmanov, B. and Ouedraogo, S. and Patterson, R. B. and Pavlovic, Z. and Perevalov, D. and Polly, C. C. and Prebys, E. and Raaf, J. L. and Ray, H. and Roe, B. P. and Russell, A. D. and Sandberg, V. and Schirato, R. and Schmitz, D. and Shaevitz, M. H. and Shoemaker, F. C. and Smith, D. and Soderberg, M. and Sorel, M. and Spentzouris, P. and Spitz, J. and Stancu, I. and Stefanski, R. J. and Sung, M. and Tanaka, H. A. and Tayloe, R. and Tzanov, M. and Van de Water, R. and Wascko, M. O. and White, D. H. and Wilking, M. J. and Yang, H. J. and Zeller, G. P. and Zimmerman, E. D.},
collaboration = {MiniBooNE Collaboration},
journal = {Phys. Rev. D},
volume = {83},
issue = {5},
pages = {052007},
numpages = {26},
year = {2011},
month = {Mar},
publisher = {American Physical Society},
doi = {10.1103/PhysRevD.83.052007},
eprint = {https://link.aps.org/doi/10.1103/PhysRevD.83.052007}
}


@article{MB_CC1pi0,
title = {Measurement of ${\ensuremath{\nu}}_{\ensuremath{\mu}}$-induced charged-current neutral pion production cross sections on mineral oil at ${E}_{\ensuremath{\nu}}\ensuremath{\in}0.5--2.0\text{ }\text{ }\mathrm{GeV}$},
author = {Aguilar-Arevalo, A. A. and Anderson, C. E. and Bazarko, A. O. and Brice, S. J. and Brown, B. C. and Bugel, L. and Cao, J. and Coney, L. and Conrad, J. M. and Cox, D. C. and Curioni, A. and Dharmapalan, R. and Djurcic, Z. and Finley, D. A. and Fleming, B. T. and Ford, R. and Garcia, F. G. and Garvey, G. T. and Grange, J. and Green, C. and Green, J. A. and Hart, T. L. and Hawker, E. and Imlay, R. and Johnson, R. A. and Karagiorgi, G. and Kasper, P. and Katori, T. and Kobilarcik, T. and Kourbanis, I. and Koutsoliotas, S. and Laird, E. M. and Linden, S. K. and Link, J. M. and Liu, Y. and Liu, Y. and Louis, W. C. and Mahn, K. B. M. and Marsh, W. and Mauger, C. and McGary, V. T. and McGregor, G. and Metcalf, W. and Meyers, P. D. and Mills, F. and Mills, G. B. and Monroe, J. and Moore, C. D. and Mousseau, J. and Nelson, R. H. and Nienaber, P. and Nowak, J. A. and Osmanov, B. and Ouedraogo, S. and Patterson, R. B. and Pavlovic, Z. and Perevalov, D. and Polly, C. C. and Prebys, E. and Raaf, J. L. and Ray, H. and Roe, B. P. and Russell, A. D. and Sandberg, V. and Schirato, R. and Schmitz, D. and Shaevitz, M. H. and Shoemaker, F. C. and Smith, D. and Soderberg, M. and Sorel, M. and Spentzouris, P. and Spitz, J. and Stancu, I. and Stefanski, R. J. and Sung, M. and Tanaka, H. A. and Tayloe, R. and Tzanov, M. and Van de Water, R. G. and Wascko, M. O. and White, D. H. and Wilking, M. J. and Yang, H. J. and Zeller, G. P. and Zimmerman, E. D.},
collaboration = {MiniBooNE Collaboration},
journal = {Phys. Rev. D},
volume = {83},
issue = {5},
pages = {052009},
numpages = {17},
year = {2011},
month = {Mar},
publisher = {American Physical Society},
doi = {10.1103/PhysRevD.83.052009},
eprint = {https://link.aps.org/doi/10.1103/PhysRevD.83.052009}
}


@article{MB_NC1pi0,
	title = {Measurement of ${\ensuremath{\nu}}_{\ensuremath{\mu}}$ and ${\overline{\ensuremath{\nu}}}_{\ensuremath{\mu}}$ induced neutral current single ${\ensuremath{\pi}}^{0}$ production cross sections on mineral oil at ${E}_{\ensuremath{\nu}}\ensuremath{\sim}\mathcal{O}$ (1 GeV)},
	author = {Aguilar-Arevalo, A. A. and Anderson, C. E. and Bazarko, A. O. and Brice, S. J. and Brown, B. C. and Bugel, L. and Cao, J. and Coney, L. and Conrad, J. M. and Cox, D. C. and Curioni, A. and Djurcic, Z. and Finley, D. A. and Fleming, B. T. and Ford, R. and Garcia, F. G. and Garvey, G. T. and Gonzales, J. and Grange, J. and Green, C. and Green, J. A. and Hart, T. L. and Hawker, E. and Imlay, R. and Johnson, R. A. and Karagiorgi, G. and Kasper, P. and Katori, T. and Kobilarcik, T. and Kourbanis, I. and Koutsoliotas, S. and Laird, E. M. and Linden, S. K. and Link, J. M. and Liu, Y. and Liu, Y. and Louis, W. C. and Mahn, K. B. M. and Marsh, W. and Mauger, C. and McGary, V. T. and McGregor, G. and Metcalf, W. and Meyers, P. D. and Mills, F. and Mills, G. B. and Monroe, J. and Moore, C. D. and Mousseau, J. and Nelson, R. H. and Nienaber, P. and Nowak, J. A. and Osmanov, B. and Ouedraogo, S. and Patterson, R. B. and Pavlovic, Z. and Perevalov, D. and Polly, C. C. and Prebys, E. and Raaf, J. L. and Ray, H. and Roe, B. P. and Russell, A. D. and Sandberg, V. and Schirato, R. and Schmitz, D. and Shaevitz, M. H. and Shoemaker, F. C. and Smith, D. and Soderberg, M. and Sorel, M. and Spentzouris, P. and Spitz, J. and Stancu, I. and Stefanski, R. J. and Sung, M. and Tanaka, H. A. and Tayloe, R. and Tzanov, M. and de Water, R. G. Van and Wascko, M. O. and White, D. H. and Wilking, M. J. and Yang, H. J. and Zeller, G. P. and Zimmerman, E. D.},
	collaboration = {The MiniBooNE Collaboration},
	journal = {Phys. Rev. D},
	volume = {81},
	issue = {1},
	pages = {013005},
	numpages = {14},
	year = {2010},
	month = {Jan},
	publisher = {American Physical Society},
	doi = {10.1103/PhysRevD.81.013005},
	eprint = {https://link.aps.org/doi/10.1103/PhysRevD.81.013005}
}


@article{K2K_CC1pip,
title = {Measurement of single charged pion production in the charged-current interactions of neutrinos in a 1.3 GeV wide band beam},
author = {Rodriguez, A. and Whitehead, L. and Alcaraz, J. L. and Andringa, S. and Aoki, S. and Argyriades, J. and Asakura, K. and Ashie, R. and Berghaus, F. and Berns, H. and Bhang, H. and Blondel, A. and Borghi, S. and Bouchez, J. and Burguet-Castell, J. and Casper, D. and Catala, J. and Cavata, C. and Cervera, A. and Chen, S. M. and Cho, K. O. and Choi, J. H. and Dore, U. and Espinal, X. and Fechner, M. and Fernandez, E. and Fujii, Y. and Fukuda, Y. and Gomez-Cadenas, J. and Gran, R. and Hara, T. and Hasegawa, M. and Hasegawa, T. and Hayato, Y. and Helmer, R. L. and Hiraide, K. and Hosaka, J. and Ichikawa, A. K. and Iinuma, M. and Ikeda, A. and Ishida, T. and Ishihara, K. and Ishii, T. and Ishitsuka, M. and Itow, Y. and Iwashita, T. and Jang, H. I. and Jeon, E. J. and Jeong, I. S. and Joo, K. K. and Jover, G. and Jung, C. K. and Kajita, T. and Kameda, J. and Kaneyuki, K. and Kato, I. and Kearns, E. and Kim, C. O. and Khabibullin, M. and Khotjantsev, A. and Kielczewska, D. and Kim, J. Y. and Kim, S. B. and Kitching, P. and Kobayashi, K. and Kobayashi, T. and Konaka, A. and Koshio, Y. and Kropp, W. and Kudenko, Yu. and Kuno, Y. and Kurimoto, Y. and Kutter, T. and Learned, J. and Likhoded, S. and Lim, I. T. and Loverre, P. F. and Ludovici, L. and Maesaka, H. and Mallet, J. and Mariani, C. and Matsuno, S. and Matveev, V. and McConnel, K. and McGrew, C. and Mikheyev, S. and Minamino, A. and Mine, S. and Mineev, O. and Mitsuda, C. and Miura, M. and Moriguchi, Y. and Moriyama, S. and Nakadaira, T. and Nakahata, M. and Nakamura, K. and Nakano, I. and Nakaya, T. and Nakayama, S. and Namba, T. and Nambu, R. and Nawang, S. and Nishikawa, K. and Nitta, K. and Nova, F. and Novella, P. and Obayashi, Y. and Okada, A. and Okumura, K. and Oser, S. M. and Oyama, Y. and Pac, M. Y. and Pierre, F. and Saji, C. and Sakuda, M. and Sanchez, F. and Scholberg, K. and Schroeter, R. and Sekiguchi, M. and Shiozawa, M. and Shiraishi, K. and Sitjes, G. and Smy, M. and Sobel, H. and Sorel, M. and Stone, J. and Sulak, L. and Suzuki, A. and Suzuki, Y. and Tada, M. and Takahashi, T. and Takenaga, Y. and Takeuchi, Y. and Taki, K. and Takubo, Y. and Tamura, N. and Tanaka, M. and Terri, R. and T'Jampens, S. and Tornero-Lopez, A. and Totsuka, Y. and Vagins, M. and Walter, C. W. and Wang, W. and Wilkes, R. J. and Yamada, S. and Yamada, Y. and Yamamoto, S. and Yanagisawa, C. and Yershov, N. and Yokoyama, H. and Yokoyama, M. and Yoo, J. and Yoshida, M. and Zalipska, J.},
collaboration = {K2K Collaboration},
journal = {Phys. Rev. D},
volume = {78},
issue = {3},
pages = {032003},
numpages = {16},
year = {2008},
month = {Aug},
publisher = {American Physical Society},
doi = {10.1103/PhysRevD.78.032003},
eprint = {https://link.aps.org/doi/10.1103/PhysRevD.78.032003}
}


@article{min_coh,
title = {Measurement of Coherent Production of ${\ensuremath{\pi}}^{\ifmmode\pm\else\textpm\fi{}}$ in Neutrino and Antineutrino Beams on Carbon from ${E}_{\ensuremath{\nu}}$ of 1.5 to 20 GeV},
author = {Higuera, A. and Mislivec, A. and Aliaga, L. and Altinok, O. and Bercellie, A. and Betancourt, M. and Bodek, A. and Bravar, A. and Brooks, W. K. and Budd, H. and Butkevich, A. and Carneiro, M. F. and Castromonte, C. M. and Christy, M. E. and Chvojka, J. and da Motta, H. and Devan, J. and Dytman, S. A. and D\'{\i}az, G. A. and Eberly, B. and Felix, J. and Fields, L. and Fine, R. and Fiorentini, G. A. and Gallagher, H. and Gomez, A. and Gran, R. and Harris, D. A. and Hurtado, K. and Kleykamp, J. and Kordosky, M. and Le, T. and Maher, E. and Manly, S. and Mann, W. A. and Marshall, C. M. and Martinez Caicedo, D. A. and McFarland, K. S. and McGivern, C. L. and McGowan, A. M. and Messerly, B. and Miller, J. and Morf\'{\i}n, J. G. and Mousseau, J. and Muhlbeier, T. and Naples, D. and Nelson, J. K. and Norrick, A. and Osta, J. and Palomino, J. L. and Paolone, V. and Park, J. and Patrick, C. E. and Perdue, G. N. and Ransome, R. D. and Ray, H. and Ren, L. and Rodrigues, P. A. and Ruterbories, D. and Schellman, H. and Schmitz, D. W. and Snider, F. D. and Solano Salinas, C. J. and Tagg, N. and Tice, B. G. and Valencia, E. and Walton, T. and Wolcott, J. and Wospakrik, M. and Zavala, G. and Zhang, D. and Ziemer, B. P.},
collaboration = {MINERvA Collaboration},
journal = {Phys. Rev. Lett.},
volume = {113},
issue = {26},
pages = {261802},
numpages = {7},
year = {2014},
month = {Dec},
publisher = {American Physical Society},
doi = {10.1103/PhysRevLett.113.261802},
eprint = {https://link.aps.org/doi/10.1103/PhysRevLett.113.261802}
}



@article{miniboone_nu_ccqe,
title = {First measurement of the muon neutrino charged current quasielastic double differential cross section},
author = {Aguilar-Arevalo, A. A. and Anderson, C. E. and Bazarko, A. O. and Brice, S. J. and Brown, B. C. and Bugel, L. and Cao, J. and Coney, L. and Conrad, J. M. and Cox, D. C. and Curioni, A. and Djurcic, Z. and Finley, D. A. and Fleming, B. T. and Ford, R. and Garcia, F. G. and Garvey, G. T. and Grange, J. and Green, C. and Green, J. A. and Hart, T. L. and Hawker, E. and Imlay, R. and Johnson, R. A. and Karagiorgi, G. and Kasper, P. and Katori, T. and Kobilarcik, T. and Kourbanis, I. and Koutsoliotas, S. and Laird, E. M. and Linden, S. K. and Link, J. M. and Liu, Y. and Liu, Y. and Louis, W. C. and Mahn, K. B. M. and Marsh, W. and Mauger, C. and McGary, V. T. and McGregor, G. and Metcalf, W. and Meyers, P. D. and Mills, F. and Mills, G. B. and Monroe, J. and Moore, C. D. and Mousseau, J. and Nelson, R. H. and Nienaber, P. and Nowak, J. A. and Osmanov, B. and Ouedraogo, S. and Patterson, R. B. and Pavlovic, Z. and Perevalov, D. and Polly, C. C. and Prebys, E. and Raaf, J. L. and Ray, H. and Roe, B. P. and Russell, A. D. and Sandberg, V. and Schirato, R. and Schmitz, D. and Shaevitz, M. H. and Shoemaker, F. C. and Smith, D. and Soderberg, M. and Sorel, M. and Spentzouris, P. and Spitz, J. and Stancu, I. and Stefanski, R. J. and Sung, M. and Tanaka, H. A. and Tayloe, R. and Tzanov, M. and Van de Water, R. G. and Wascko, M. O. and White, D. H. and Wilking, M. J. and Yang, H. J. and Zeller, G. P. and Zimmerman, E. D.},
collaboration = {MiniBooNE Collaboration},
journal = {Phys. Rev. D},
volume = {81},
issue = {9},
pages = {092005},
numpages = {22},
year = {2010},
month = {May},
publisher = {American Physical Society},
doi = {10.1103/PhysRevD.81.092005},
eprint = {https://link.aps.org/doi/10.1103/PhysRevD.81.092005}
}


@article{k2k_ccqe_oxygen,
title = {Measurement of the quasielastic axial vector mass in neutrino interactions on oxygen},
author = {Gran, R. and Jeon, E. J. and Aliu, E. and Andringa, S. and Aoki, S. and Argyriades, J. and Asakura, K. and Ashie, R. and Berghaus, F. and Berns, H. and Bhang, H. and Blondel, A. and Borghi, S. and Bouchez, J. and Burguet-Castell, J. and Casper, D. and Catala, J. and Cavata, C. and Cervera, A. and Chen, S. M. and Cho, K. O. and Choi, J. H. and Dore, U. and Espinal, X. and Fechner, M. and Fernandez, E. and Fukuda, Y. and Gomez-Cadenas, J. and Hara, T. and Hasegawa, M. and Hasegawa, T. and Hayashi, K. and Hayato, Y. and Helmer, R. L. and Hiraide, K. and Hosaka, J. and Ichikawa, A. K. and Iinuma, M. and Ikeda, A. and Inagaki, T. and Ishida, T. and Ishihara, K. and Ishii, T. and Ishitsuka, M. and Itow, Y. and Iwashita, T. and Jang, H. I. and Jeong, I. S. and Joo, K. K. and Jover, G. and Jung, C. K. and Kajita, T. and Kameda, J. and Kaneyuki, K. and Kato, I. and Kearns, E. and Kerr, D. and Kim, C. O. and Khabibullin, M. and Khotjantsev, A. and Kielczewska, D. and Kim, J. Y. and Kim, S. B. and Kitching, P. and Kobayashi, K. and Kobayashi, T. and Konaka, A. and Koshio, Y. and Kropp, W. and Kubota, J. and Kudenko, Yu. and Kuno, Y. and Kurimoto, Y. and Kutter, T. and Learned, J. and Likhoded, S. and Lim, I. T. and Loverre, P. F. and Ludovici, L. and Maesaka, H. and Mallet, J. and Mariani, C. and Matsuno, S. and Matveev, V. and McConnel Mahn, K. B. and McGrew, C. and Mikheyev, S. and Minamino, A. and Mine, S. and Mineev, O. and Mitsuda, C. and Miura, M. and Moriguchi, Y. and Morita, T. and Moriyama, S. and Nakadaira, T. and Nakahata, M. and Nakamura, K. and Nakano, I. and Nakaya, T. and Nakayama, S. and Namba, T. and Nambu, R. and Nawang, S. and Nishikawa, K. and Nitta, K. and Nova, F. and Novella, P. and Obayashi, Y. and Okada, A. and Okumura, K. and Oser, S. M. and Oyama, Y. and Pac, M. Y. and Pierre, F. and Rodriguez, A. and Saji, C. and Sakuda, M. and Sanchez, F. and Sarrat, A. and Sasaki, T. and Sato, H. and Scholberg, K. and Schroeter, R. and Sekiguchi, M. and Shiozawa, M. and Shiraishi, K. and Sitjes, G. and Smy, M. and Sobel, H. and Sorel, M. and Stone, J. and Sulak, L. and Suzuki, A. and Suzuki, Y. and Takahashi, T. and Takenaga, Y. and Takeuchi, Y. and Taki, K. and Takubo, Y. and Tamura, N. and Tanaka, M. and Terri, R. and T'Jampens, S. and Tornero-Lopez, A. and Totsuka, Y. and Ueda, S. and Vagins, M. and Whitehead, L. and Walter, C. W. and Wang, W. and Wilkes, R. J. and Yamada, S. and Yamamoto, S. and Yanagisawa, C. and Yershov, N. and Yokoyama, H. and Yokoyama, M. and Yoo, J. and Yoshida, M. and Zalipska, J.},
collaboration = {K2K Collaboration},
journal = {Phys. Rev. D},
volume = {74},
issue = {5},
pages = {052002},
numpages = {15},
year = {2006},
month = {Sep},
publisher = {American Physical Society},
doi = {10.1103/PhysRevD.74.052002},
eprint = {https://link.aps.org/doi/10.1103/PhysRevD.74.052002}
}


@article{k2k_ccqe_carbon,
author = {Espinal,X.  and Sanchez, F. },
title = {Measurement of the axial vector mass in neutrino‐Carbon interactions at K2K},
journal = {AIP Conference Proceedings},
volume = {967},
number = {1},
pages = {117-122},
year = {2007},
doi = {10.1063/1.2834461},

URL = {https://aip.scitation.org/doi/abs/10.1063/1.2834461},
eprint = {https://aip.scitation.org/doi/pdf/10.1063/1.2834461}

}

@article{minos_ccqe_iron,
	title = {Study of quasielastic scattering using charged-current ${\ensuremath{\nu}}_{\ensuremath{\mu}}$-iron interactions in the MINOS near detector},
	author = {Adamson, P. and Anghel, I. and Aurisano, A. and Barr, G. and Bishai, M. and Blake, A. and Bock, G. J. and Bogert, D. and Cao, S. V. and Castromonte, C. M. and Childress, S. and Coelho, J. A. B. and Corwin, L. and Cronin-Hennessy, D. and de Jong, J. K. and Devan, A. V. and Devenish, N. E. and Diwan, M. V. and Escobar, C. O. and Evans, J. J. and Falk, E. and Feldman, G. J. and Frohne, M. V. and Gallagher, H. R. and Gomes, R. A. and Goodman, M. C. and Gouffon, P. and Graf, N. and Gran, R. and Grzelak, K. and Habig, A. and Hahn, S. R. and Hartnell, J. and Hatcher, R. and Holin, A. and Huang, J. and Hylen, J. and Irwin, G. M. and Isvan, Z. and James, C. and Jensen, D. and Kafka, T. and Kasahara, S. M. S. and Koizumi, G. and Kordosky, M. and Kreymer, A. and Lang, K. and Ling, J. and Litchfield, P. J. and Lucas, P. and Mann, W. A. and Marshak, M. L. and Mayer, N. and McGivern, C. and Medeiros, M. M. and Mehdiyev, R. and Meier, J. R. and Messier, M. D. and Miller, W. H. and Mishra, S. R. and Moed Sher, S. and Moore, C. D. and Mualem, L. and Musser, J. and Naples, D. and Nelson, J. K. and Newman, H. B. and Nichol, R. J. and Nowak, J. A. and O'Connor, J. and Orchanian, M. and Pahlka, R. B. and Paley, J. and Patterson, R. B. and Pawloski, G. and Perch, A. and Pf\"utzner, M. and Phan-Budd, S. and Plunkett, R. K. and Poonthottathil, N. and Qiu, X. and Radovic, A. and Rebel, B. and Rosenfeld, C. and Rubin, H. A. and Sanchez, M. C. and Schneps, J. and Schreckenberger, A. and Schreiner, P. and Sharma, R. and Sousa, A. and Tagg, N. and Talaga, R. L. and Thomas, J. and Thomson, M. A. and Tian, X. and Timmons, A. and Tognini, S. C. and Toner, R. and Torretta, D. and Urheim, J. and Vahle, P. and Viren, B. and Walding, J. J. and Weber, A. and Webb, R. C. and White, C. and Whitehead, L. and Whitehead, L. H. and Wojcicki, S. G. and Zwaska, R.},
	collaboration = {MINOS Collaboration},
	journal = {Phys. Rev. D},
	volume = {91},
	issue = {1},
	pages = {012005},
	numpages = {20},
	year = {2015},
	month = {Jan},
	publisher = {American Physical Society},
	doi = {10.1103/PhysRevD.91.012005},
	eprint = {https://link.aps.org/doi/10.1103/PhysRevD.91.012005}
}
	

@article{miniboone_nubar_ccqe,
title = {First measurement of the muon antineutrino double-differential charged-current quasielastic cross section},
author = {Aguilar-Arevalo, A. A. and Brown, B. C. and Bugel, L. and Cheng, G. and Church, E. D. and Conrad, J. M. and Dharmapalan, R. and Djurcic, Z. and Finley, D. A. and Ford, R. and Garcia, F. G. and Garvey, G. T. and Grange, J. and Huelsnitz, W. and Ignarra, C. and Imlay, R. and Johnson, R. A. and Karagiorgi, G. and Katori, T. and Kobilarcik, T. and Louis, W. C. and Mariani, C. and Marsh, W. and Mills, G. B. and Mirabal, J. and Moore, C. D. and Mousseau, J. and Nienaber, P. and Osmanov, B. and Pavlovic, Z. and Perevalov, D. and Polly, C. C. and Ray, H. and Roe, B. P. and Russell, A. D. and Shaevitz, M. H. and Spitz, J. and Stancu, I. and Tayloe, R. and Van de Water, R. G. and Wascko, M. O. and White, D. H. and Wickremasinghe, D. A. and Zeller, G. P. and Zimmerman, E. D.},
collaboration = {MiniBooNE Collaboration},
journal = {Phys. Rev. D},
volume = {88},
issue = {3},
pages = {032001},
numpages = {31},
year = {2013},
month = {Aug},
publisher = {American Physical Society},
doi = {10.1103/PhysRevD.88.032001},
eprint = {https://link.aps.org/doi/10.1103/PhysRevD.88.032001}
}


@article{minerva_nu_ccqe,
title = {Measurement of Muon Neutrino Quasielastic Scattering on a Hydrocarbon Target at ${E}_{\ensuremath{\nu}}\ensuremath{\sim}3.5\text{ }\text{ }\mathrm{GeV}$},
author = {Fiorentini, G. A. and Schmitz, D. W. and Rodrigues, P. A. and Aliaga, L. and Altinok, O. and Baldin, B. and Baumbaugh, A. and Bodek, A. and Boehnlein, D. and Boyd, S. and Bradford, R. and Brooks, W. K. and Budd, H. and Butkevich, A. and Martinez Caicedo, D. A. and Castromonte, C. M. and Christy, M. E. and Chung, H. and Chvojka, J. and Clark, M. and da Motta, H. and Damiani, D. S. and Danko, I. and Datta, M. and Day, M. and DeMaat, R. and Devan, J. and Draeger, E. and Dytman, S. A. and D\'{\i}az, G. A. and Eberly, B. and Edmondson, D. A. and Felix, J. and Fields, L. and Fitzpatrick, T. and Gago, A. M. and Gallagher, H. and George, C. A. and Gielata, J. A. and Gingu, C. and Gobbi, B. and Gran, R. and Grossman, N. and Hanson, J. and Harris, D. A. and Heaton, J. and Higuera, A. and Howley, I. J. and Hurtado, K. and Jerkins, M. and Kafka, T. and Kaisen, J. and Kanter, M. O. and Keppel, C. E. and Kilmer, J. and Kordosky, M. and Krajeski, A. H. and Kulagin, S. A. and Le, T. and Lee, H. and Leister, A. G. and Locke, G. and Maggi, G. and Maher, E. and Manly, S. and Mann, W. A. and Marshall, C. M. and McFarland, K. S. and McGivern, C. L. and McGowan, A. M. and Mislivec, A. and Morf\'{\i}n, J. G. and Mousseau, J. and Naples, D. and Nelson, J. K. and Niculescu, G. and Niculescu, I. and Ochoa, N. and O'Connor, C. D. and Olsen, J. and Osmanov, B. and Osta, J. and Palomino, J. L. and Paolone, V. and Park, J. and Patrick, C. E. and Perdue, G. N. and Pe\~na, C. and Rakotondravohitra, L. and Ransome, R. D. and Ray, H. and Ren, L. and Rude, C. and Sassin, K. E. and Schellman, H. and Schneider, R. M. and Schulte, E. C. and Simon, C. and Snider, F. D. and Snyder, M. C. and Sobczyk, J. T. and Solano Salinas, C. J. and Tagg, N. and Tan, W. and Tice, B. G. and Tzanakos, G. and Vel\'asquez, J. P. and Walding, J. and Walton, T. and Wolcott, J. and Wolthuis, B. A. and Woodward, N. and Zavala, G. and Zeng, H. B. and Zhang, D. and Zhu, L. Y. and Ziemer, B. P.},
collaboration = {MINERvA Collaboration},
journal = {Phys. Rev. Lett.},
volume = {111},
issue = {2},
pages = {022502},
numpages = {6},
year = {2013},
month = {Jul},
publisher = {American Physical Society},
doi = {10.1103/PhysRevLett.111.022502},
eprint = {https://link.aps.org/doi/10.1103/PhysRevLett.111.022502}
}


@article{minerva_nubar_ccqe,
title = {Measurement of Muon Antineutrino Quasielastic Scattering on a Hydrocarbon Target at ${E}_{\ensuremath{\nu}}\ensuremath{\sim}3.5\text{ }\text{ }\mathrm{GeV}$},
author = {Fields, L. and Chvojka, J. and Aliaga, L. and Altinok, O. and Baldin, B. and Baumbaugh, A. and Bodek, A. and Boehnlein, D. and Boyd, S. and Bradford, R. and Brooks, W. K. and Budd, H. and Butkevich, A. and Martinez Caicedo, D. A. and Castromonte, C. M. and Christy, M. E. and Chung, H. and Clark, M. and da Motta, H. and Damiani, D. S. and Danko, I. and Datta, M. and Day, M. and DeMaat, R. and Devan, J. and Draeger, E. and Dytman, S. A. and D\'{\i}az, G. A. and Eberly, B. and Edmondson, D. A. and Felix, J. and Fitzpatrick, T. and Fiorentini, G. A. and Gago, A. M. and Gallagher, H. and George, C. A. and Gielata, J. A. and Gingu, C. and Gobbi, B. and Gran, R. and Grossman, N. and Hanson, J. and Harris, D. A. and Heaton, J. and Higuera, A. and Howley, I. J. and Hurtado, K. and Jerkins, M. and Kafka, T. and Kaisen, J. and Kanter, M. O. and Keppel, C. E. and Kilmer, J. and Kordosky, M. and Krajeski, A. H. and Kulagin, S. A. and Le, T. and Lee, H. and Leister, A. G. and Locke, G. and Maggi, G. and Maher, E. and Manly, S. and Mann, W. A. and Marshall, C. M. and McFarland, K. S. and McGivern, C. L. and McGowan, A. M. and Mislivec, A. and Morf\'{\i}n, J. G. and Mousseau, J. and Naples, D. and Nelson, J. K. and Niculescu, G. and Niculescu, I. and Ochoa, N. and O'Connor, C. D. and Olsen, J. and Osmanov, B. and Osta, J. and Palomino, J. L. and Paolone, V. and Park, J. and Patrick, C. E. and Perdue, G. N. and Pe\~na, C. and Rakotondravohitra, L. and Ransome, R. D. and Ray, H. and Ren, L. and Rodrigues, P. A. and Rude, C. and Sassin, K. E. and Schellman, H. and Schmitz, D. W. and Schneider, R. M. and Schulte, E. C. and Simon, C. and Snider, F. D. and Snyder, M. C. and Sobczyk, J. T. and Solano Salinas, C. J. and Tagg, N. and Tan, W. and Tice, B. G. and Tzanakos, G. and Vel\'asquez, J. P. and Walding, J. and Walton, T. and Wolcott, J. and Wolthuis, B. A. and Woodward, N. and Zavala, G. and Zeng, H. B. and Zhang, D. and Zhu, L. Y. and Ziemer, B. P.},
collaboration = {MINERvA Collaboration},
journal = {Phys. Rev. Lett.},
volume = {111},
issue = {2},
pages = {022501},
numpages = {7},
year = {2013},
month = {Jul},
publisher = {American Physical Society},
doi = {10.1103/PhysRevLett.111.022501},
eprint = {https://link.aps.org/doi/10.1103/PhysRevLett.111.022501}
}


@article{duet,
title = {Measurement of ${\ensuremath{\sigma}}_{\mathrm{ABS}}$ and ${\ensuremath{\sigma}}_{\mathrm{CX}}$ of ${\ensuremath{\pi}}^{+}$ on carbon by the Dual Use Experiment at TRIUMF (DUET)},
author = {Pinzon Guerra, E. S. and Bhadra, S. and Berkman, S. and Cao, C. and de Perio, P. and Hayato, Y. and Ieki, K. and Ikeda, M. and Kanazawa, Y. and Kim, J. and Kitching, P. and Mahn, K. and Nakaya, T. and Nicholson, M. and Olchanski, K. and Rettie, S. and Tanaka, H. A. and Tobayama, S. and Wilking, M. J. and Yamauchi, T. and Yen, S. and Yokoyama, M.},
collaboration = {DUET Collaboration},
journal = {Phys. Rev. C},
volume = {95},
issue = {4},
pages = {045203},
numpages = {10},
year = {2017},
month = {Apr},
publisher = {American Physical Society},
doi = {10.1103/PhysRevC.95.045203},
eprint = {https://link.aps.org/doi/10.1103/PhysRevC.95.045203}
}



@article{minos_mult,
title = {Neutrino and antineutrino inclusive charged-current cross section measurements with the MINOS near detector},
author = {Adamson, P. and Andreopoulos, C. and Arms, K. E. and Armstrong, R. and Auty, D. J. and Ayres, D. S. and Backhouse, C. and Barnes, P. D. and Barr, G. and Barrett, W. L. and Bhattacharya, D. and Bishai, M. and Blake, A. and Bock, G. J. and Boehnlein, D. J. and Bogert, D. and Bower, C. and Cavanaugh, S. and Chapman, J. D. and Cherdack, D. and Childress, S. and Choudhary, B. C. and Coelho, J. A. B. and Coleman, S. J. and Cronin-Hennessy, D. and Culling, A. J. and Danko, I. Z. and de Jong, J. K. and Devenish, N. E. and Diwan, M. V. and Dorman, M. and Erwin, A. R. and Escobar, C. O. and Evans, J. J. and Falk, E. and Feldman, G. J. and Frohne, M. V. and Gallagher, H. R. and Godley, A. and Goodman, M. C. and Gouffon, P. and Gran, R. and Grashorn, E. W. and Grzelak, K. and Habig, A. and Harris, D. and Harris, P. G. and Hartnell, J. and Hatcher, R. and Heller, K. and Himmel, A. and Holin, A. and Hylen, J. and Irwin, G. M. and Isvan, Z. and Jaffe, D. E. and James, C. and Jensen, D. and Kafka, T. and Kasahara, S. M. S. and Kim, J. J. and Koizumi, G. and Kopp, S. and Kordosky, M. and Koskinen, D. J. and Krahn, Z. and Kreymer, A. and Lang, K. and Ling, J. and Litchfield, P. J. and Litchfield, R. P. and Loiacono, L. and Lucas, P. and Ma, J. and Mann, W. A. and Marshak, M. L. and Marshall, J. S. and Mayer, N. and McGowan, A. M. and Mehdiyev, R. and Meier, J. R. and Messier, M. D. and Metelko, C. J. and Michael, D. G. and Miller, W. H. and Mishra, S. R. and Mitchell, J. and Moore, C. D. and Morf\'{\i}n, J. and Mualem, L. and Mufson, S. and Musser, J. and Naples, D. and Nelson, J. K. and Newman, H. B. and Nichol, R. J. and Nicholls, T. C. and Ochoa-Ricoux, J. P. and Oliver, W. P. and Osiecki, T. and Ospanov, R. and Paley, J. and Paolone, V. and Patterson, R. B. and Pavlovi\ifmmode \acute{c}\else \'{c}\fi{}, \ifmmode \check{Z}\else \v{Z}\fi{}. and Pawloski, G. and Pearce, G. F. and Petyt, D. A. and Pittam, R. and Plunkett, R. K. and Rahaman, A. and Rameika, R. A. and Raufer, T. M. and Rebel, B. and Rodrigues, P. A. and Rosenfeld, C. and Rubin, H. A. and Ryabov, V. A. and Sanchez, M. C. and Saoulidou, N. and Schneps, J. and Schreiner, P. and Semenov, V. K. and Shanahan, P. and Smart, W. and Smith, C. and Sousa, A. and Stamoulis, P. and Strait, M. and Tagg, N. and Talaga, R. L. and Thomas, J. and Thomson, M. A. and Tinti, G. and Toner, R. and Tsarev, V. A. and Tzanakos, G. and Urheim, J. and Vahle, P. and Viren, B. and Watabe, M. and Weber, A. and Webb, R. C. and West, N. and White, C. and Whitehead, L. and Wojcicki, S. G. and Wright, D. M. and Yang, T. and Zois, M. and Zhang, K. and Zwaska, R.},
collaboration = {MINOS Collaboration},
journal = {Phys. Rev. D},
volume = {81},
issue = {7},
pages = {072002},
numpages = {16},
year = {2010},
month = {Apr},
publisher = {American Physical Society},
doi = {10.1103/PhysRevD.81.072002},
eprint = {https://link.aps.org/doi/10.1103/PhysRevD.81.072002}
}


@article{NUISANCE,
author={P. Stowell and C. Wret and C. Wilkinson and L. Pickering and S. Cartwright and Y. Hayato and K. Mahn and K.S. McFarland and J.
Sobczyk and R. Terri and L. Thompson and M.O. Wascko and Y. Uchida},
title={NUISANCE: a neutrino cross-section generator tuning and comparison framework},
journal={Journal of Instrumentation},
volume={12},
number={01},
pages={P01016},
eprint={http://stacks.iop.org/1748-0221/12/i=01/a=P01016},
year={2017}
}


@article{ANL_BNL_corr,
title = {Reanalysis of bubble chamber measurements of muon-neutrino induced single pion production},
author = {Wilkinson, Callum and Rodrigues, Philip and Cartwright, Susan and Thompson, Lee and McFarland, Kevin},
journal = {Phys. Rev. D},
volume = {90},
issue = {11},
pages = {112017},
numpages = {7},
year = {2014},
month = {Dec},
publisher = {American Physical Society},
doi = {10.1103/PhysRevD.90.112017},
eprint = {https://link.aps.org/doi/10.1103/PhysRevD.90.112017}
}


%%%%%%%%%%%%%%%%%%%%%%%%%%%%
%%%% Flux prediction section

@article{gcalor,
title = "The GEANT-CALOR interface and benchmark calculations of ZEUS test calorimeters",
journal = "Nuclear Instruments and Methods in Physics Research Section A: Accelerators, Spectrometers, Detectors and Associated Equipment",
volume = "349",
number = "1",
pages = "106 - 111",
year = "1994",
issn = "0168-9002",
doi = "https://doi.org/10.1016/0168-9002(94)90613-0",
eprint = "http://www.sciencedirect.com/science/article/pii/0168900294906130",
author = "C. Zeitnitz and T.A. Gabriel"
}

@book{geant3,
author        = "Brun, René and Bruyant, F and Carminati, Federico and
Giani, Simone and Maire, M and McPherson, A and Patrick, G
and Urban, L",
title         = "{GEANT: Detector Description and Simulation Tool; Oct
1994}",
publisher     = "CERN",
address       = "Geneva",
series        = "CERN Program Library",
year          = "1993",
eprint           = "http://cds.cern.ch/record/1082634",
note          = "Long Writeup W5013",
}

@article{harp,
title = {Forward production of charged pions with incident protons on nuclear targets at the CERN Proton Synchrotron},
author = {Apollonio, M. and Artamonov, A. and Bagulya, A. and Barr, G. and Blondel, A. and Bobisut, F. and Bogomilov, M. and Bonesini, M. and Booth, C. and Borghi, S. and Bunyatov, S. and Burguet-Castell, J. and Catanesi, M. G. and Cervera-Villanueva, A. and Chimenti, P. and Coney, L. and Capua, E. Di and Dore, U. and Dumarchez, J. and Edgecock, R. and Ellis, M. and Ferri, F. and Gastaldi, U. and Giani, S. and Giannini, G. and Gibin, D. and Gilardoni, S. and Gorbunov, P. and G\"o\ss{}ling, C. and G\'omez-Cadenas, J. J. and Grant, A. and Graulich, J. S. and Gr\'egoire, G. and Grichine, V. and Grossheim, A. and Guglielmi, A. and Howlett, L. and Ivanchenko, A. and Ivanchenko, V. and Kayis-Topaksu, A. and Kirsanov, M. and Kolev, D. and Krasnoperov, A. and Mart\'{\i}n-Albo, J. and Meurer, C. and Mezzetto, M. and Mills, G. B. and Morone, M. C. and Novella, P. and Orestano, D. and Palladino, V. and Panman, J. and Papadopoulos, I. and Pastore, F. and Piperov, S. and Polukhina, N. and Popov, B. and Prior, G. and Radicioni, E. and Schmitz, D. and Schroeter, R. and Serdiouk, V. and Skoro, G. and Sorel, M. and Tcherniaev, E. and Temnikov, P. and Tereschenko, V. and Tonazzo, A. and Tortora, L. and Tsenov, R. and Tsukerman, I. and Vidal-Sitjes, G. and Wiebusch, C. and Zucchelli, P.},
collaboration = {HARP Collaboration},
journal = {Phys. Rev. C},
volume = {80},
issue = {3},
pages = {035208},
numpages = {19},
year = {2009},
month = {Sep},
publisher = {American Physical Society},
doi = {10.1103/PhysRevC.80.035208},
eprint = {https://link.aps.org/doi/10.1103/PhysRevC.80.035208}
}



@article{NA61_exp,
author         = "Antoniou, N. and others",
title          = "{Study of hadron production in hadron nucleus and nucleus nucleus collisions at the CERN SPS}",
collaboration  = "NA49-future",
year           = "2006",
reportNumber   = "CERN-SPSC-2006-034, CERN-SPSC-P-330",
SLACcitation   = "%%CITATION = CERN-SPSC-2006-034;%%"
}

@article{NA61_pions,
title = {Measurements of cross sections and charged pion spectra in proton-carbon interactions at 31 GeV/$c$},
author = {Abgrall, N. and Aduszkiewicz, A. and Andrieu, B. and Anticic, T. and Antoniou, N. and Argyriades, J. and Asryan, A. G. and Baatar, B. and Blondel, A. and Blumer, J. and Bogusz, M. and Boldizsar, L. and Bravar, A. and Brooks, W. and Brzychczyk, J. and Bubak, A. and Bunyatov, S. A. and Busygina, O. and Cetner, T. and Choi, K.-U. and Christakoglou, P. and Chung, P. and Czopowicz, T. and Davis, N. and Diakonos, F. and Di Luise, S. and Dominik, W. and Dumarchez, J. and Engel, R. and Ereditato, A. and Esposito, L. S. and Feofilov, G. A. and Fodor, Z. and Ferrero, A. and Fulop, A. and Garrido, X. and Ga\ifmmode \acute{z}\else \'{z}\fi{}dzicki, M. and Golubeva, M. and Grebieszkow, K. and Grzeszczuk, A. and Guber, F. and Hakobyan, H. and Hasegawa, T. and Igolkin, S. and Ivanov, A. S. and Ivanov, Y. and Ivashkin, A. and Kadija, K. and Kapoyannis, A. and Katry\ifmmode \acute{n}\else \'{n}\fi{}ska, N. and Kie\l{}czewska, D. and Kikola, D. and Kim, J.-H. and Kirejczyk, M. and Kisiel, J. and Kobayashi, T. and Kochebina, O. and Kolesnikov, V. I. and Kolev, D. and Kondratiev, V. P. and Korzenev, A. and Kowalski, S. and Kuleshov, S. and Kurepin, A. and Lacey, R. and Lagoda, J. and Laszlo, A. and Lyubushkin, V. V. and Mackowiak, M. and Majka, Z. and Malakhov, A. I. and Marchionni, A. and Marcinek, A. and Maris, I. and Marin, V. and Matulewicz, T. and Matveev, V. and Melkumov, G. L. and Meregaglia, A. and Messina, M. and Mr\'owczy\ifmmode \acute{n}\else \'{n}\fi{}ski, St. and Murphy, S. and Nakadaira, T. and Naumenko, P. A. and Nishikawa, K. and Palczewski, T. and Palla, G. and Panagiotou, A. D. and Peryt, W. and Petukhov, O. and P\l{}aneta, R. and Pluta, J. and Popov, B. A. and Posiada\l{}a, M. and Pu\l{}awski, S. and Rauch, W. and Ravonel, M. and Renfordt, R. and Robert, A. and R\"ohrich, D. and Rondio, E. and Rossi, B. and Roth, M. and Rubbia, A. and Rybczy\ifmmode \acute{n}\else \'{n}\fi{}ski, M. and Sadovsky, A. and Sakashita, K. and Sekiguchi, T. and Seyboth, P. and Shibata, M. and Sissakian, A. N. and Skrzypczak, E. and S\l{}odkowski, M. and Sorin, A. S. and Staszel, P. and Stefanek, G. and Stepaniak, J. and Strabel, C. and Str\"obele, H. and Susa, T. and Szaflik, P. and Szuba, M. and Tada, M. and Taranenko, A. and Tsenov, R. and Ulrich, R. and Unger, M. and Vassiliou, M. and Vechernin, V. V. and Vesztergombi, G. and Wilczek, A. and W\l{}odarczyk, Z. and Wojtaszek, A. and Yi, J.-G. and Yoo, I.-K. and Zipper, W.},
collaboration = {The NA61/SHINE Collaboration},
journal = {Phys. Rev. C},
volume = {84},
issue = {3},
pages = {034604},
numpages = {26},
year = {2011},
month = {Sep},
publisher = {American Physical Society},
doi = {10.1103/PhysRevC.84.034604},
eprint = {https://link.aps.org/doi/10.1103/PhysRevC.84.034604}
}


@article{NA61_kaons,
	title = {Measurement of production properties of positively charged kaons in proton-carbon interactions at 31 GeV/$c$},
	author = {Abgrall, N. and Aduszkiewicz, A. and Anticic, T. and Antoniou, N. and Argyriades, J. and Baatar, B. and Blondel, A. and Blumer, J. and Bogusz, M. and Boldizsar, L. and Bravar, A. and Brooks, W. and Brzychczyk, J. and Bubak, A. and Bunyatov, S. A. and Busygina, O. and Cetner, T. and Choi, K.-U. and Christakoglou, P. and Czopowicz, T. and Davis, N. and Diakonos, F. and Di Luise, S. and Dominik, W. and Dumarchez, J. and Engel, R. and Ereditato, A. and Esposito, L. S. and Feofilov, G. A. and Fodor, Z. and Ferrero, A. and Fulop, A. and Garrido, X. and Ga\ifmmode \acute{z}\else \'{z}\fi{}dzicki, M. and Golubeva, M. and Grebieszkow, K. and Grzeszczuk, A. and Guber, F. and Haesler, A. and Hakobyan, H. and Hasegawa, T. and Idczak, R. and Ivanov, Y. and Ivashkin, A. and Kadija, K. and Kapoyannis, A. and Katry\ifmmode \acute{n}\else \'{n}\fi{}ska, N. and Kie\l{}czewska, D. and Kikola, D. and Kim, J.-H. and Kirejczyk, M. and Kisiel, J. and Kobayashi, T. and Kochebina, O. and Kolesnikov, V. I. and Kolev, D. and Kondratiev, V. P. and Korzenev, A. and Kowalski, S. and Krasnoperov, A. and Kuleshov, S. and Kurepin, A. and Lacey, R. and Lagoda, J. and Laszlo, A. and Lyubushkin, V. V. and Ma\ifmmode \acute{c}\else \'{c}\fi{}kowiak-Paw\l{}owska, M. and Majka, Z. and Malakhov, A. I. and Marchionni, A. and Marcinek, A. and Maris, I. and Marin, V. and Matulewicz, T. and Matveev, V. and Melkumov, G. L. and Meregaglia, A. and Messina, M. and Mr\'owczy\ifmmode \acute{n}\else \'{n}\fi{}ski, St. and Murphy, S. and Nakadaira, T. and Nishikawa, K. and Palczewski, T. and Palla, G. and Panagiotou, A. D. and Paul, T. and Peryt, W. and Petukhov, O. and P\l{}aneta, R. and Pluta, J. and Popov, B. A. and Posiada\l{}a, M. and Pu\l{}awski, S. and Rauch, W. and Ravonel, M. and Renfordt, R. and Robert, A. and R\"ohrich, D. and Rondio, E. and Rossi, B. and Roth, M. and Rubbia, A. and Rybczy\ifmmode \acute{n}\else \'{n}\fi{}ski, M. and Sadovsky, A. and Sakashita, K. and Sekiguchi, T. and Seyboth, P. and Shibata, M. and Skrzypczak, E. and S\l{}odkowski, M. and Staszel, P. and Stefanek, G. and Stepaniak, J. and Strabel, C. and Str\"obele, H. and Susa, T. and Szaflik, P. and Szuba, M. and Tada, M. and Taranenko, A. and Tereshchenko, V. and Tsenov, R. and Turko, L. and Ulrich, R. and Unger, M. and Vassiliou, M. and Veberi\ifmmode \check{c}\else \v{c}\fi{}, D. and Vechernin, V. V. and Vesztergombi, G. and Wilczek, A. and W\l{}odarczyk, Z. and Wojtaszek-Szwar\ifmmode \acute{c}\else \'{c}\fi{}, A. and Yi, J.-G. and Yoo, I.-K. and Zambelli, L. and Zipper, W.},
	collaboration = {NA61/SHINE Collaboration},
	journal = {Phys. Rev. C},
	volume = {85},
	issue = {3},
	pages = {035210},
	numpages = {10},
	year = {2012},
	month = {Mar},
	publisher = {American Physical Society},
	doi = {10.1103/PhysRevC.85.035210},
	eprint = {https://link.aps.org/doi/10.1103/PhysRevC.85.035210}
	}


@article{NA61_pions_rep,
title = "Pion emission from the T2K replica target: Method, results and application",
journal = "Nuclear Instruments and Methods in Physics Research Section A: Accelerators, Spectrometers, Detectors and Associated Equipment",
volume = "701",
pages = "99 - 114",
year = "2013",
issn = "0168-9002",
doi = "https://doi.org/10.1016/j.nima.2012.10.079",
eprint = "http://www.sciencedirect.com/science/article/pii/S016890021201234X",
author = "N. Abgrall and A. Aduszkiewicz and T. Anticic and N. Antoniou and J. Argyriades and B. Baatar and A. Blondel and J. Blumer and M. Bogomilov and A. Bravar and W. Brooks and J. Brzychczyk and A. Bubak and S.A. Bunyatov and O. Busygina and P. Christakoglou and P. Chung and T. Czopowicz and N. Davis and S. Debieux and S. Di Luise and W. Dominik and J. Dumarchez and K. Dynowski and R. Engel and A. Ereditato and L.S. Esposito and G.A. Feofilov and Z. Fodor and A. Ferrero and A. Fulop and M. Gaździcki and M. Golubeva and B. Grabez and K. Grebieszkow and A. Grzeszczuk and F. Guber and A. Haesler and H. Hakobyan and T. Hasegawa and R. Idczak and S. Igolkin and Y. Ivanov and A. Ivashkin and K. Kadija and A. Kapoyannis and N. Katryńska and D. Kiełczewska and D. Kikola and M. Kirejczyk and J. Kisiel and T. Kiss and S. Kleinfelder and T. Kobayashi and O. Kochebina and V.I. Kolesnikov and D. Kolev and V.P. Kondratiev and A. Korzenev and S. Kowalski and A. Krasnoperov and S. Kuleshov and A. Kurepin and R. Lacey and D. Larsen and A. Laszlo and V.V. Lyubushkin and M. Maćkowiak-Pawłowska and Z. Majka and B. Maksiak and A.I. Malakhov and D. Maletic and A. Marchionni and A. Marcinek and I. Maris and V. Marin and K. Marton and T. Matulewicz and V. Matveev and G.L. Melkumov and M. Messina and St. Mrówczyński and S. Murphy and T. Nakadaira and K. Nishikawa and T. Palczewski and G. Palla and A.D. Panagiotou and T. Paul and W. Peryt and O. Petukhov and R. Płaneta and J. Pluta and B.A. Popov and M. Posiadała and S. Puławski and J. Puzovic and W. Rauch and M. Ravonel and R. Renfordt and A. Robert and D. Röhrich and E. Rondio and B. Rossi and M. Roth and A. Rubbia and A. Rustamov and M. Rybczyński and A. Sadovsky and K. Sakashita and M. Savic and T. Sekiguchi and P. Seyboth and M. Shibata and M. Sipos and E. Skrzypczak and M. Słodkowski and P. Staszel and G. Stefanek and J. Stepaniak and C. Strabel and H. Ströbele and T. Susa and M. Szuba and M. Tada and A. Taranenko and V. Tereshchenko and T. Tolyhi and R. Tsenov and L. Turko and R. Ulrich and M. Unger and M. Vassiliou and D. Veberič and V.V. Vechernin and G. Vesztergombi and A. Wilczek and Z. Włodarczyk and A. Wojtaszek-Szwarc and O. Wyszyński and L. Zambelli and W. Zipper and V. Galymov and M. Hartz and A.K. Ichikawa and H. Kubo and A.D. Marino and K. Matsuoka and A. Murakami and T. Nakaya and K. Suzuki and T. Yuan and E.D. Zimmerman",
keywords = "Hadron production, Long target, Neutrino flux predictions"
}

@article{fluka2008_1,
author = {Battistoni,G.  and Cerutti,F.  and Fassò,A.  and Ferrari,A.  and Muraro,S.  and Ranft,J.  and Roesler,S.  and Sala,P. R. },
title = {The FLUKA code: description and benchmarking},
journal = {AIP Conference Proceedings},
volume = {896},
number = {1},
pages = {31-49},
year = {2007},
doi = {10.1063/1.2720455},

URL = {https://aip.scitation.org/doi/abs/10.1063/1.2720455},
eprint = {https://aip.scitation.org/doi/pdf/10.1063/1.2720455}

}

@book{fluka2008_2,
author        = "Ferrari, A and Sala, Paola R and Fassò, A and Ranft,
Johannes",
title         = "{FLUKA: A multi-particle transport code (program version
2005)}",
publisher     = "CERN",
address       = "Geneva",
series        = "CERN Yellow Reports: Monographs",
year          = "2005",
eprint           = "http://cds.cern.ch/record/898301",
}

@article{fluka2011,
title = "The FLUKA Code: Developments and Challenges for High Energy and Medical Applications",
journal = "Nuclear Data Sheets",
volume = "120",
pages = "211 - 214",
year = "2014",
issn = "0090-3752",
doi = "https://doi.org/10.1016/j.nds.2014.07.049",
eprint = "http://www.sciencedirect.com/science/article/pii/S0090375214005018",
author = "T.T. Böhlen and F. Cerutti and M.P.W. Chin and A. Fassò and A. Ferrari and P.G. Ortega and A. Mairani and P.R. Sala and G. Smirnov and V. Vlachoudis"
}

@article{t2k_tn_flux,
	author    = {A. Fiorentini and others},
	title     = {Flux Prediction and Uncertainty Updates with NA61 2009 Thin Target Data and Negative Focussing Mode Predictions},
	journal   = {T2K Technical Note},
	volume    = {217},
	year      = {2017}
}
